1688 2957
813 105 868 159 ιι

58 232 241 276 bilitates
284 232 328 275 in
371 232 437 275 his
482 231 831 275 enuntiationibus
876 245 922 275 eo
967 231 1133 274 demum
1155 203 1421 277 exstiterunt
1450 231 1516 287 (Ι.
1538 232 1621 284 ⁷84

60 317 94 345 ν
82 300 134 350 σε
171 299 238 361 ἧδ’
280 300 333 361 ὴέ·
375 300 599 360 διαρραίσει
643 300 810 359 στρατὸν
855 301 903 360 ὴὲ
948 301 1115 359 σαώσει)
1161 301 1270 358 quod
1299 301 1420 349 altori
1459 301 1625 353 actioni
1661 310 1672 322 ·“

59 374 277 416 eventurae
322 372 447 416 etiam
487 372 616 415 altera
654 373 847 415 eventura
891 372 1077 427 opposita
1123 373 1206 423 est3
1252 373 1289 416 si
1329 372 1458 416 altera
1501 372 1610 417 actio

58 443 297 487 autemnon
316 441 462 495 evenit,
494 441 602 486 actio
621 440 751 486 altera
770 452 849 485 non
880 441 1131 494 fortasse,
1163 441 1234 485 sed
1264 443 1407 486 certe
1438 441 1617 487 eveniet.

222 597 261 638 2.
304 595 561 638 Futurum
590 594 643 637 in
667 594 979 637 enuntiatis
1008 590 1444 651 interrogativis.

175 723 313 768 Unum
341 724 506 768 tantum
535 724 691 779 primae
731 735 924 779 personae
961 724 1094 766 exstat
1130 715 1381 780 exemplum,
1413 723 1609 781 ψεύσομαι

58 793 87 854 ἦ
114 792 255 851 ἔτυμον
299 793 430 851 ἐρέω,
477 794 574 849 qnia
613 793 799 838 futurum
836 793 1116 837 adhortatione
1153 804 1285 836 carere
1321 793 1605 838 intelleximus.

56 863 231 919 Propter
261 875 353 907 eam
385 863 638 920 conjunctivo
679 864 848 908 insitam
886 863 1089 907 notionem
1117 863 1294 919 primam
1323 875 1536 918 personam
1565 863 1608 907 in

56 932 406 977 enuntiationibus
437 932 744 989 interrogativis
773 932 1002 988 praevalere
1031 932 1222 985 vidimus,
1254 934 1302 975 ut
1330 945 1436 976 nunc
1460 944 1607 976 secun-

57 1002 152 1046 dam
181 1013 396 1058 personam
425 1003 570 1046 futuri.
632 1002 793 1046 Tertiae
837 1013 1029 1057 personae
1070 1002 1151 1045 tria
1195 1003 1389 1058 praebent
1425 1001 1608 1058 exempla

58 1072 240 1117 carmina
268 1072 499 1153 Homerica.

809 1313 855 1355 Β.

122 1403 460 1471 conjunctivus
499 1408 549 1457 et
581 1406 798 1458 futurum
833 1406 884 1458 in
921 1406 1180 1458 enuntiatis
1218 1405 1533 1458 secundariis.

174 1543 322 1588 Omnes
353 1544 648 1589 enuntiationes
678 1544 934 1588 secundarias
956 1556 1003 1588 ex
1024 1544 1370 1588 enuntiationibus
1400 1544 1606 1599 primariis

54 1613 257 1668 profectas
308 1626 417 1665 esse,
463 1615 681 1670 hypotaxin
731 1628 752 1657 e
802 1614 984 1669 parataxi
1030 1626 1236 1658 emanasse
1286 1614 1462 1669 plurima
1512 1616 1607 1657 sunt

55 1682 221 1726 indicia.

173 1752 342 1807 Triplici
371 1753 528 1797 ratione
557 1754 761 1808 parataxis
793 1753 962 1797 defluxit
991 1754 1043 1797 ad
1073 1754 1301 1809 hypotaxin.

175 1821 220 1879 1)
265 1821 648 1879 ConJ‘unctivus
690 1823 768 1880 (et
809 1823 1130 1880 optativus),
1172 1823 1302 1867 unde
1342 1824 1414 1880 (sc.
1455 1837 1479 1867 a
1510 1837 1604 1868 con-

47 1893 274 1948 jungendo)
313 1894 439 1936 etiam
479 1905 626 1935 nomen
665 1894 792 1935 traxit
830 1894 898 1936 hic
935 1894 1102 1945 modus,
1134 1894 1320 1936 usitati
1363 1896 1514 1937 erant
1543 1895 1605 1936 ad

53 1962 337 2006 enuntiata
376 1974 549 2006 secum
589 1962 953 2019 conjungenda
982 1963 1312 2018 paratactice
1343 1963 1601 2019 apposita.

52 2032 175 2075 Hunc
204 2032 396 2087 loquendi
426 2045 547 2075 usum
592 2044 721 2086 pauca
750 2033 914 2076 tantum
944 2033 987 2075 in
1016 2032 1186 2076 Homeri
1217 2033 1462 2083 carminibus
1494 2045 1604 2076 com-

51 2101 226 2156 probant
256 2101 452 2156 exempla,
484 2112 587 2156 qnae
607 2101 723 2156 quasi
742 2101 1033 2157 primigenium
1063 2102 1388 2145 enuntiationum
1418 2101 1603 2145 finalium

52 2183 180 2226 genus
210 2170 396 2213 habenda
425 2172 534 2214 sunt.

53 2250 96 2292 Z
102 2237 219 2301 '340
251 2249 336 2293 ἀλλ’
365 2250 455 2308 ἆγε,
484 2253 552 2294 νῦν
582 2251 788 2364 ἐπῃυεῒνον,
821 2251 945 2310 ἀρήια
975 2251 1120 2310 τεύχεα
1152 2252 1264 2294 δύω.

54 2322 96 2363 Χ
123 2322 225 2372 418,
258 2320 410 2380 σχέσθε
439 2321 603 2379 φίλοι..

227 2389 433 2447 λίσσωμ’
462 2392 590 2449 ἀνέρα
620 2394 766 2434 τοῦτον.

128 2462 229 2510 450,
261 2461 378 2503 δεῦτε
408 2460 495 2503 δύω
519 2477 588 2517 μοι
618 2460 804 2503 ἕπεσθον·
834 2459 976 2516 ἴδωμ’
1006 2460 1097 2503 ὅτιν’
1126 2461 1226 2517 ἔργα
1257 2463 1436 2504 τέτυκται.

63 2529 104 2571 Ψ
126 2532 197 2578 71,
228 2528 359 2571 θάπτε
382 2545 437 2585 με
467 2531 545 2572 ὅττι
576 2531 750 2614 τάχιστα,
783 2530 906 2578 πύλας
934 2528 1061 2572 Ἀίδαο
1091 2531 1314 2588 περήσω.

51 2615 77 2652 r
106 2599 175 2650 18,
208 2597 293 2641 ἀλλ’
323 2598 396 2654 ἄγε
426 2602 494 2642 νῦν
525 2598 617 2649 ἰθὺς
642 2600 698 2642 κίε
731 2599 931 2657 Νέστορος
958 2600 1203 2657 ἱπποδάμοιο·

227 2666 384 2726 εἴδομεν
415 2670 463 2727 ἦν
493 2685 575 2712 τινα
600 2672 714 2728 μῆτιν
745 2670 802 2712 ἐνὶ
832 2669 1019 2728 στήθεσσι
1048 2669 1245 2713 κέκευθεν.

42 2754 75 2797 χ
109 2740 207 2789 130,
235 2739 430 2797 βέλτερρν
461 2737 548 2781 αὔτ’
571 2738 678 2797 ’ἔριδι
708 2739 991 2796 ξυνελαυνέμεν
1022 2741 1100 2782 ὅττι
1130 2742 1303 2799 τάχιστα.

226 2806 383 2865 εἴδομεν
414 2809 626 2867 ὁπποτέρῳ
657 2825 723 2852 κεν
754 2808 952 2867 Ὀλύμπιος
978 2810 1097 2860 κῦδος
1125 2809 1261 2868 ὀρέξῃ.
