1688 2957
910 49 936 63 s.
977 25 993 36 .,
1576 0 1688 61 »a

796 63 913 112 '222
988 70 995 74 ι
1619 69 1688 99 «ν

69 169 406 251 adhiberivetat,
439 191 1688 261 contraeaexipsaflxtunnotlonopehmestsm

68 265 180 312 notio
210 269 354 321 futuri,
385 269 435 312 nt
464 268 667 312 actionem
685 267 776 323 (pro
794 267 979 323 opinione
997 266 1218 322 loquentis)
1239 267 1385 310 certe
1414 263 1659 320 evasuram

69 349 156 381 esse
195 337 361 384 indicet
421 337 627 382 Futurum
668 349 764 393 ergo
804 337 937 380 totam
973 337 1194 392 imaginem
1222 347 1272 379 ex
1301 330 1544 392 cogitatione
1572 334 1666 381 ad

69 408 261 451 eventum
290 407 541 463 perduceret.
602 407 803 462 Tempora
847 407 995 458 omnia,
1041 418 1144 462 quae
1182 405 1321 456 futura
1349 404 1565 450 habentur
1579 405 1623 468 in

73 477 442 533 comparationibus
472 477 623 533 pai-tim
654 477 927 533 conjunctivus
957 477 1072 533 (nam
1601 512 1605 515 .
1676 487 1679 490 ⁴

70 547 122 590 11.
163 548 195 588 0
225 549 307 591 381
342 560 401 602 sq.
438 547 498 597 ὥς
531 561 574 589 τε
609 547 715 603 μέγα
752 549 854 603 κῦμα
892 545 1103 605 θαλάσσης
1139 546 1378 604 εὐρυπόροιο

249 618 344 676 νηὸς
370 618 471 674 ὑπὲρ
498 617 641 676 τοξῖων
671 618 1051 675 καταβήσεται,
1068 618 1204 660 confer

69 700 164 731 cum
202 688 234 728 O
265 689 364 739 624,
396 688 439 730 ἐν
469 685 631 738 δ’ἔπεᾶ,
663 687 729 737 ὥς
755 688 840 730 ὅτε
869 689 973 744 κῦμα
1002 686 1084 745 θοῆ
1113 687 1158 730 ἐν
1182 688 1244 746 νηὶ
1273 686 1507 744 πέσῃσιν)

66 758 219 812 partim
273 758 495 812 praesentis
549 758 843 813 significatione
891 757 1056 813 eiusque
1105 757 1377 811 permanentis
1427 757 1622 810 putentur

67 839 232 871 necesse
262 828 337 871 est.

187 979 239 1035 β)
282 979 543 1022 Futurum
580 980 630 1021 in
670 979 1127 1022 enuntiationibus
1165 978 1506 1035 explicativis

542 1075 649 1102 cum
686 1060 1152 1117 conjunctionibus.

684 1153 761 1204 ἵνα,
794 1153 862 1202 ὡς,
894 1153 1012 1202 ὅπως.

184 1272 390 1314 Futurum
419 1271 483 1313 his
514 1269 862 1326 conjunctionibus
892 1270 934 1312 in
954 1270 1174 1313 enuntiatis
1194 1270 1383 1312 finalibus
1404 1270 1624 1312 consociari

66 1353 146 1384 non
177 1353 294 1395 posse
328 1341 415 1396 ¹jam
458 1354 580 1395 supra
618 1340 994 1385 demonstravimus.
1056 1339 1354 1396 ConJunctionis
1384 1340 1448 1398 ’ἵνα
1479 1352 1513 1383 c.
1545 1340 1622 1382 fut.

66 1423 193 1452 unum
223 1412 386 1453 tantum
416 1411 549 1453 exstat
579 1410 837 1464 exemplum:

70 1495 94 1522 τ
123 1483 194 1532 20,
227 1483 294 1523 νῦν
325 1479 495 1523 &gemm
525 1478 789 1529 καταθέσθαι,
820 1479 866 1521 ἵν’
898 1479 946 1522 οὐ
977 1480 1103 1537 πυρὸς
1128 1479 1217 1526 ἵξετ’
1248 1480 1391 1538 ἀν’ἠιὴ.

185 1550 229 1594 Si
252 1551 340 1605 Jam
372 1563 418 1593 ex
455 1551 544 1593 toto
585 1550 876 1593 sententiarum
915 1563 1090 1593 connexu
1128 1550 1238 1592 notio
1278 1550 1410 1592 finalis
1455 1549 1621 1593 evadere

66 1621 180 1664 nullo
219 1620 339 1664 modo
381 1621 539 1676 potest,
583 1633 629 1663 ex
670 1620 883 1676 negatione
914 1621 962 1662 ου
992 1620 1183 1676 adjuncta
1221 1621 1394 1663 formam
1424 1619 1512 1666 ἵξετ’
1543 1620 1621 1662 nist

66 1691 254 1734 futurum
285 1703 370 1734 esse
400 1703 479 1733 non
509 1703 627 1745 posse
656 1692 836 1745 apparet.

183 1761 245 1803 De
276 1761 344 1810 ὡς,
375 1762 487 1809 ὅπως
514 1773 547 1803 c.
580 1761 656 1803 fut.
690 1760 739 1804 cf.
773 1761 1051 1804 collectionem
1081 1761 1365 1816 exemplorum.

70 1832 95 1873 Ι
121 1833 202 1875 251
238 1832 410 1888 φράζευ,
443 1832 554 1880 ὅπως
580 1830 794 1888 ἀλεξήσεις,

70 1901 108 1942 P
137 1903 234 1950 144,
265 1902 437 1958 φράζεο,
469 1902 580 1950 ὅπως
607 1902 779 1950 σαώσεις

63 1971 105 2013 in
134 1985 259 2014 usum
289 1971 418 2014 futuri
448 1984 525 2014 non
551 1971 725 2024 vocabis,
758 1984 884 2026 quum
926 1974 1026 2021 376,
1058 1972 1229 2028 φράζευ,
1262 1973 1372 2020 ὅπως
1382 1975 1621 2030 μνηστῆρσιν

68 2066 125 2073 -
150 2044 299 2100 χεῖρας
333 2042 506 2100 ἐφήσεις,
537 2042 710 2084 formam
741 2042 903 2100 ἐφήσεις
930 2042 1231 2098 conjunctivum
1261 2055 1346 2084 esse
1381 2040 1626 2097 Savelsberg*

64 2112 376 2155 demonstraret.
396 2112 425 2167 ¹)

181 2183 230 2224 In
260 2181 481 2225 enuntiatis
513 2194 606 2224 cum
652 2171 998 2238 conjunctionibus
1028 2183 1158 2232 ὅπως,
1190 2182 1249 2232 ὡς
1274 2182 1541 2238 pendentibus
1572 2195 1619 2225 ex

62 2253 184 2295 verbo
226 2252 473 2295 deliberandi
513 2253 693 2308 φράζειν,
725 2255 877 2309 πεῳᾶν,
902 2255 1016 2310 μῆτιν
1046 2253 1224 2309 ὑφαίνειν
1254 2253 1468 2304 similibUS‚
1490 2253 1620 2295 ‘color

64 2321 234 2377 quidam
263 2321 578 2378 interrogativus
607 2322 753 2365 infixus
792 2322 972 2374 videtum
1019 2336 1146 2378 quum
1190 2324 1330 2367 autem
1374 2322 1620 2378 pronominis
1677 2312 1683 2317 “

185 2475 211 2517 ¹)
238 2472 471 2519 Savelsberg,
508 2473 565 2510 die
603 2474 735 2509 aoriste
772 2475 839 2510 etc.
878 2485 912 2518 p.
951 2475 1059 2509 509.
1105 2475 1214 2509 .Der
1251 2474 1339 2510 Con
1342 2474 1465 2509 unctiv
1501 2475 1620 2517 ἀνέσει

62 2533 88 2555 o
110 2520 179 2556 265
205 2519 256 2555 ist
278 2520 415 2566 richtig
451 2520 685 2566 gesehrieben
717 2520 791 2556 und
815 2520 865 2556 ist
888 2519 1093 2567 begriindet
1116 2519 1180 2557 auf
1202 2519 1264 2557 der
1287 2520 1322 2556 le
1348 2520 1512 2557 hafteren
1536 2520 1613 2557 An-

62 2566 213 2612 sprache
239 2567 293 2602 als
319 2567 538 2603 entstanden
564 2579 628 2604 aus
654 2568 792 2603 ἀνέσεσι
818 2569 947 2612 (urspr.
974 2569 1135 2612 ἀνέσετι.)
1162 2578 1196 2613 p.
1223 2568 1304 2603 508.
1355 2569 1429 2604 Das
1454 2568 1519 2604 fut.
1549 2574 1619 2604 von

62 2614 133 2660 ῒημι
157 2613 231 2649 und
255 2613 396 2649 sei-nen
411 2625 564 2659 compos.
592 2614 707 2650 heisst
731 2614 856 2649 immer
879 2615 967 2660 ἥσω.
994 2634 1038 2640 -
1066 2615 1171 2650 Tales
1186 2614 1402 2660 conjunctivi
1427 2615 1462 2649 in
1488 2627 1539 2654 εις
1560 2615 1619 2651 vel

64 2673 140 2696 -ει
165 2660 369 2697 desinentes
395 2662 538 2696 exstant
563 2661 608 2697 in
635 2661 846 2708 Odyssea
872 2673 896 2695 a
919 2662 961 2696 41
991 2661 1126 2720 ἡβὴρει
1153 2681 1196 2688 -
1221 2662 1249 2696 θ
1274 2661 1343 2697 318
1368 2661 1617 2698 ἀποδώσει.-

62 2720 83 2742 ο
109 2708 178 2743 524
204 2707 415 2755 τελευτήσει.
443 2729 486 2733 -
514 2721 539 2743 π
561 2709 625 2743 261
656 2709 806 2754 ἀρκέσει.
834 2728 877 2734 --
904 2721 930 2742 π
951 2708 997 2744 82
1022 2709 1136 2755 θήσει.

170 2754 226 2790 in
251 2754 405 2790 Iliade
431 2753 463 2789 B
487 2755 565 2796 147,
591 2756 671 2791 395.
701 2754 734 2789 Il
754 2756 835 2797 269,
861 2755 940 2791 298.
965 2756 1103 2802 κινήσει.
1122 2775 1165 2782 -
1197 2755 1224 2790 0
1247 2756 1316 2791 359
1341 2756 1428 2802 ἥσει.
1447 2769 1525 2790 -ν
1548 2744 1618 2791 375

61 2802 215 2848 ἐφήσεις.
249 2821 286 2827 -
315 2799 349 2835 Π
370 2802 417 2836 90
442 2803 572 2848 θήσεις.
