1688 2957
680 170 685 172 ,
815 72 887 155 δέ

42 202 1273 295 069‚}1r0586vtm3meranallofivmpa¹uq5w

1 309 3 313 ‘
140 306 143 307 ’
176 335 183 338 -
250 301 341 360 aaa
366 307 449 364 ἐγὼ
476 307 657 368 πύιοψι
782 345 786 347 »

46 378 117 427 Ξ
133 379 240 440 102,
270 377 374 422 ἔνθα
402 393 446 422 κε
475 379 529 437 σὴ
552 378 682 439 βουλὴ
711 378 935 438 «minuerat,
965 375 1129 436 ὄρχαμε
1158 378 1279 427 λαῶν.

8 494 14 497 ,
189 449 239 495 In
268 446 489 507 enuntia-th
531 448 732 505 negativis
764 448 988 504 praecipue
1017 447 1086 500 ἄν,
1117 447 1161 496 in
1190 446 1374 502 positivis
1411 446 1622 502 praecipue

20 523 24 525 ’
38 519 368 580 &particula
402 517 650 572 adstruitur,
679 531 715 562 e.
740 531 787 575 g.
818 519 861 562 in
901 519 1121 567 enuntiatis
1160 517 1364 572 primariis
1403 529 1498 560 cum
1528 528 1622 558 con-

38 572 52 648 ὃ)
66 588 250 645 §nadivo
278 589 345 634 vel
373 588 513 638 futuro
544 591 570 632 6
601 588 824 637 sententiae
852 580 1065 644 negativae
1085 601 1179 632 cum
1208 586 1460 643 particula*
1427 603 1478 629 αν
1497 598 1622 641 oppo-

71 657 176 704 sitae
204 659 302 704 sunt
331 660 358 704 2
389 657 599 704 sententiis
634 658 833 716 negativis
876 671 968 703 cum
1008 658 1210 715 particula
1238 657 1322 712 κέν,
1355 659 1381 703 5
1413 656 1622 711 sententiis

71 729 334 784 positivis
378 740 474 775 cum
516 729 718 785 particula
746 729 803 772 ἄν
833 731 1087 785 opponuntur
1128 730 1184 774 33
1215 728 1483 784 positivae
1528 740 1622 770 cum

70 799 272 854 particula
289 799 395 851 κέν,·
412 799 456 843 in
475 799 695 846 enuntiatis
714 800 960 848 secundariis
979 800 1099 856 longe
1119 799 1350 854 saepissime
1368 797 1622 853 reperiuntur

71 868 145 910 οὐκ
170 868 234 921 ἄν,
265 869 397 912 rarius
427 869 525 912 οὐδέ
553 885 613 921 ιε,
643 868 696 912 οὔ
722 885 800 912 κεν.

186 939 239 983 In
266 939 487 988 enuntiatis
519 939 782 996 disjunctivis
825 940 869 983 in
912 939 1061 996 quibus
1090 939 1192 983 duae
1222 937 1512 994 possibilitates
1543 937 1618 980 sibi

13 1054 16 1055 γ
69 1010 168 1052 sunt
197 1009 405 1064 oppositae
434 1022 591 1065 semper
619 1010 674 1063 κέ,
705 1023 913 1065 nunquam
942 1010 992 1053 ἄν
1020 1010 1257 1055 adhibetur:

71 1077 100 1119 δ
128 1079 229 1130 545,
259 1078 289 1137 ἢ
316 1080 394 1137 γῲ
417 1095 484 1136 μιν
513 1079 620 1129 ζωόν
649 1095 694 1135 γε
722 1080 911 1138 κιχήσεαι,
941 1079 971 1138 ἤ
997 1095 1063 1122 κεν
1093 1079 1276 1137 Ὀρέστης

245 1151 390 1194 κτεῖνεν
419 1148 711 1206 ὑπσφθᾴιενος.

129 1220 230 1269 733,
260 1220 297 1261 εἷ
325 1219 403 1276 γὰρ
433 1219 513 1274 ἐγὼ
542 1218 727 1277 πυθόμην
757 1219 901 1277 ταύτην
930 1219 1029 1262 ὁδὸν
1059 1218 1225 1276 ὑρμαίνο
1202 1233 1310 1268 οντα,

245 1290 308 1345 τῷ
333 1304 378 1332 κε
400 1288 495 1345 μάλ’
525 1288 555 1348 ἦ
581 1304 648 1333 κεν
677 1288 805 1345 {uscue
834 1290 900 1332 καὶ
928 1289 1167 1345 ἐσσύμενός
1168 1305 1244 1357 περ
1275 1288 1400 1338 ὁδοῖο,

2 1398 7 1399 ⁷
244 1356 274 1417 ἦ
300 1357 344 1402 κέ
367 1373 424 1416 με
452 1356 686 1418 τεθνηκυῖαν
715 1358 773 1402 ἐνὶ
795 1359 1003 1417 perdomat
1032 1357 1170 1403 ἔλειπε.

0 1424 3 1429 ’
69 1428 105 1471 Δ
135 1429 238 1478 481,
268 1429 442 1486 σῄωερον
471 1428 498 1486 ἢ
528 1429 664 1471 δοιοῖσι
693 1429 875 1475 ἐπεύξεαι
903 1428 1174 1486 Ἱππασίδῃσιν,

244 1568 273 1627 ἤ
300 1584 365 1613 κεν
395 1569 484 1626 ἐμῷ
512 1567 588 1611 ὑπὸ
617 1569 733 1626 δουρὶ
762 1570 893 1620 τυπεὶς
918 1570 999 1611 ἀπὸ
1027 1568 1156 1626 θυμὸν
1186 1570 1361 1627 ὀλέσσῃς.

159 1639 328 1695 ,Neque
370 1639 732 1695 interrogationum
776 1639 1075 1696 geminatamm
1118 1640 1248 1683 ullum
1294 1652 1388 1684 cum
1417 1639 1615 1694 particula

64 1709 100 1751 ἄ
109 1725 130 1751 ν
159 1709 294 1757 exstat
322 1709 562 1764 exemplum.

184 1779 265 1823 Sed
308 1781 403 1824 ante
447 1780 580 1823 omnia
624 1781 700 1824 hoc
741 1780 904 1835 quidem
942 1781 1207 1835 spectandum
1237 1782 1311 1833 est,
1343 1781 1543 1836 imprimis
1573 1781 1615 1823 in

67 1849 286 1895 enuntiatis
330 1849 510 1893 relativis
554 1850 716 1893 notione
760 1851 1021 1906 hypothetica
1064 1850 1108 1894 κέ
1151 1851 1414 1906 particulam,
1457 1852 1617 1906 praeter

66 1919 174 1962 tria
192 1920 373 1974 exempla
394 1933 505 1963 cum
533 1920 803 1975 particula
832 1920 911 1975 ἄν,
942 1922 1167 1976 pronomini
1180 1921 1349 1964 relativo
1364 1921 1616 1964 adstructam

64 1988 245 2043 reperiri,
279 1990 415 2033 estant
443 1990 626 2045 exempla
649 1992 753 2042 1133
785 1991 909 2034 etiam
938 1991 980 2034 in
1009 1992 1227 2034 enuntiatis
1256 1991 1437 2034 relativis
1456 1992 1617 2034 notione

66 2057 177 2102 finali
221 2058 336 2102 nulla
381 2071 476 2103 cum
519 2059 721 2115 particula
750 2060 813 2112 ἅν,
848 2063 902 2105 16
933 2073 1028 2104 cum
1056 2061 1257 2117 particula
1286 2061 1364 2115 κέν,
1397 2063 1422 2105 3
1453 2061 1617 2105 tantum

65 2128 151 2172 sine
195 2130 367 2184 uinaque
416 2130 616 2184 particula
666 2132 894 2174 occurrunt.
955 2131 1000 2175 Si
1045 2131 1353 2175 Casselmannus
1407 2133 1494 2184 „De
1539 2145 1616 2175 usu

66 2198 361 2254 particularum
405 2199 455 2243 ἄν
493 2201 536 2244 et
572 2200 639 2244 κέν
682 2201 790 2257 apud
833 2201 1083 2246 Homerum“
1132 2216 1172 2258 p.
1205 2204 1233 2246 4
1270 2202 1394 2247 dicit:
1443 2203 1535 2254 ,,κέν
1564 2202 1617 2245 ad

66 2269 355 2326 cogitationem
398 2270 483 2326 ejus
529 2271 601 2326 qui
644 2262 847 2327 loquitur,
878 2272 928 2315 ἄν
957 2273 1010 2315 ad
1039 2285 1125 2316 rem
1155 2273 1286 2329 ipsam
1314 2273 1526 2325 refertur,“
1557 2273 1616 2317 ita

4 2346 7 2350 ’
33 2350 44 2356 ’
63 2340 250 2395 equidem
278 2340 402 2384 velim
421 2353 460 2384 v.
478 2341 545 2385 dd.
578 2340 739 2395 dixerit,
764 2342 830 2385 κέν
860 2342 914 2399 ad
938 2343 982 2386 id
1004 2343 1112 2398 quod
1139 2344 1305 2399 loquens
1328 2344 1378 2387 de
1401 2345 1542 2386 certa
1571 2357 1615 2386 re

64 2409 246 2464 quadam
275 2410 440 2468 cogitet,
471 2410 521 2454 ἄν
543 2411 604 2455 ad
623 2413 755 2456 totam
774 2412 1066 2457 sententiarum
1088 2413 1383 2457 cohaerentiam
1401 2414 1614 2457 refertur.“

64 2477 174 2522 Huic
218 2481 560 2536 argumentationi
603 2483 887 2537 praeterquam
931 2485 994 2527 est
1037 2484 1289 2535 documento,
1334 2483 1441 2538 quod
1486 2484 1528 2526 in
1558 2484 1615 2526 eis

34 2559 38 2561 ⁴
63 2549 306 2602 enuntiatis,
345 2562 449 2605 quae
488 2551 704 2606 utramque
742 2553 988 2607 particulam
1018 2553 1216 2605 exhibent,
1258 2553 1461 2607 particula
1490 2553 1538 2595 ἄν
1567 2555 1617 2595 ut

52 2618 224 2662 ‘notione
253 2620 425 2674 amplior
453 2621 691 2676 plerumque
719 2622 942 2677 particulae
971 2623 1036 2665 κέν
1064 2623 1346 2678 praegreditur
1375 2623 1425 2666 cf.
1458 2625 1616 2677 praeter

40 2685 167 2746 20⁸50p'
197 2688 248 2730 ἂν
271 2688 347 2745 μέν
376 2705 442 2732 κεν
474 2691 624 2742 Α202,
653 2706 676 2734 ε
706 2693 807 2744 361,
838 2693 867 2741 ζ
890 2693 975 2735 259
1007 2692 1130 2735 etiam
1160 2708 1188 2733 σ
1216 2694 1325 2736 318:

243 2757 293 2816 ἢν
322 2774 400 2816 περ
430 2762 507 2818 γᾴο
537 2761 570 2804 κ’
601 2761 793 2806 ἐθέλωσιν

61 2827 98 2871 ’Δ
127 2829 228 2880 353,
258 2825 384 2886 ὄψεαι
413 2828 463 2889 ἢν
493 2829 699 2891 ἐθέλῃσθα
729 2835 794 2876 καὶ
823 2831 864 2876 εἴ
887 2834 951 2877 κέν
982 2849 1038 2877 τοι
1079 2834 1126 2877 τὰ
1151 2835 1308 2894 μεμήλῃ

1381 2917 1403 2951 3
