1688 2957
681 104 684 106 ,
773 65 890 115 «iev
979 103 987 118 2

3 138 6 140 Ι
78 141 1412 260 ιιοφραιωιι,ιωιισιτιωιιοιριιοςθλτῑμπωεὃνιωιιίὲιΑ

176 268 255 328 2)
265 267 608 334 negativum:
687 297 690 298 ν
723 278 728 281 “

79 336 131 380 O
147 332 246 389 103,
277 339 346 382 νῦν
375 336 449 381 σῦκ’
477 336 565 382 ἐσθ’
595 339 720 397 ὅστις
725 337 901 382 θάνατον
931 338 1050 398 φύῃγ
1188 380 1191 386 ,
1253 359 1256 362 >

85 402 248 460 Ψ343,
278 407 468 451 adnecto·
500 408 862 468 &ddffl.
882 408 1013 452 ,οὐδὲ
1041 406 1238 466 παρέλθῃ.

67 478 102 534 β
128 478 202 530 43,
233 475 326 523 οὔτι
353 477 419 522 τιν’
450 477 631 538 ἀγγελίην
660 476 796 522 ἔκλυον
806 511 964 523 ......

249 548 298 607 ἦν
327 547 424 606 ὑμῖν
439 547 558 607 σάφα
587 546 700 592 εἴπω).

63 619 103 668 ,ζ
128 620 231 670 202,
262 652 421 663 ......
445 619 549 677 ἀνὴρ
573 651 733 664 ......
761 619 858 663 οὐδὲ
888 619 1056 679 γένηται,

249 689 296 739 ὅς
321 703 386 732 κεν
423 686 607 747 Φαιήκων
636 689 799 748 ἀνδρῶν
828 688 873 740 ἐς
898 691 1014 745 γαῖαν
1043 688 1178 750 ἵκηται.

189 759 499 815 Oonjunctivum
529 760 773 816 objectivnm
802 772 889 804 esse
920 772 1134 816 cognosces
1164 728 1328 816 singula
1356 760 1394 803 si
1423 759 1625 815 spectabis

71 830 256 885 exempla
283 830 328 873 in
359 830 547 874 omnibus
576 830 789 886 negatione
829 830 878 873 οὐ
917 842 1017 886 opus
1057 832 1183 882 esset;
1233 829 1269 873 Φ
1312 831 1409 884 103,
1437 829 1624 895 dubitare

71 901 213 955 possis,
243 901 385 943 utrum
415 900 691 956 conjunctivus
716 901 964 959 subJectivus
993 913 1044 944 an
1072 900 1294 955 obiectivus
1324 901 1379 944 sit
1405 899 1527 959 φύγῃ,
1549 899 1621 944 sed

83 967 124 1012 Ψ
135 970 235 1023 342,
256 970 329 1014 ubi
349 970 460 1014 οὐδὲ
479 982 559 1015 ιιοιι
573 970 694 1051 μηδὲ
713 970 905 1026 adju-ncta
923 971 986 1014 est
1005 970 1178 1026 negatio,
1196 971 1304 1016 clare
1322 970 1512 1023 ostendit,
1529 982 1625 1016 con-

69 1022 297 1096 junctivum
327 1040 575 1099 objectivum
612 1040 655 1084 in
694 1053 741 1085 eo
772 1040 1074 1086 enuntiatorum
1108 1052 1274 1098 genere,
1305 1033 1625 1099 intellegendum
1652 1073 1655 1076 -

74 1123 173 1163 esse,
203 1111 246 1154 in
266 1124 346 1165 quo
377 1111 566 1166 negativa
595 1113 659 1154 est
687 1113 889 1155 sententia
917 1111 1169 1154 antecedens.

191 1180 241 1224 In
271 1180 365 1225 aliis
397 1180 506 1226 color
535 1180 701 1237 quidam
731 1180 1046 1238 interrogativas
1077 1182 1211 1226 exstat
1237 1149 1287 1226 ut
1317 1181 1357 1224 B
1390 1161 1498 1234 365;
1530 1193 1625 1238 pro-
1679 1207 1686 1212 ·

41 1265 45 1268 ·
73 1262 218 1311 nomen
263 1251 481 1294 relativum
525 1263 654 1305 quum
697 1263 791 1294 vero
835 1252 955 1306 plane
1000 1251 1214 1294 abhorreat
1243 1264 1268 1294 a
1297 1252 1457 1295 notione
1498 1251 1625 1294 inter-
1653 1288 1663 1292 -

72 1320 261 1377 rogativa
277 1320 306 1376 ¹)
346 1320 447 1364 haec
487 1321 670 1377 exempla
708 1333 788 1364 non
828 1321 933 1366 inter
977 1321 1269 1366 enuntiationes
1314 1322 1624 1378 interrogativas

73 1389 280 1434 referenda
316 1389 389 1433 sed
426 1403 474 1433 ex
514 1391 756 1447 primigenia
795 1391 1044 1447 pronominis
1092 1391 1254 1478 relativi
1299 1392 1460 1436 notione
1499 1391 1625 1436 inter-

73 1460 270 1515 pretanda
299 1461 407 1504 sunt

318 1627 357 1670 2.
399 1625 656 1675 Futurum
696 1625 747 1670 in
784 1604 1082 1671 enuntiatis
1121 1626 1382 1671 relativis.
1437 1627 1442 1630 ’

191 1755 416 1799 Enuntiata
447 1767 541 1798 cum
570 1755 712 1798 futuro
751 1754 957 1798 referenda
987 1756 1093 1799 sunt
1121 1755 1228 1802 inter
1257 1756 1469 1799 enuntiata
1499 1754 1626 1812 expli·

74 1826 230 1878 «sativa,
262 1825 360 1881 quia
398 1824 503 1869 nihil
540 1824 653 1868 aliud
693 1825 901 1868 continent
938 1837 1063 1883 quam
1099 1825 1409 1880 explicationem
1443 1824 1558 1869 verbi
1585 1825 1628 1869 in

73 1895 335 1941 antecedente
359 1895 682 1941 enuntiatione.
709 1893 862 1939 Eodem
899 1907 978 1950 quo
1007 1895 1063 1938 in
1092 1895 1305 1939 sententiis
1334 1895 1626 1951 principalibus

74 1966 200 2010 etiam
245 1965 287 2008 in
332 1965 399 2008 his
441 1965 629 2020 fungitur
671 1965 748 2008 hoc
797 1966 957 2032 tempus
1001 1977 1179 2017 munere,
1226 1965 1287 2008 ita
1327 1966 1375 2008 ut
1413 1964 1517 2008 nihil
1540 1965 1628 2020 jam

74 2035 305 2082 addendum
333 2033 530 2080 videatur.
593 2034 704 2080 Nam
733 2035 776 2079 in
805 2035 855 2079 Il.
898 2034 939 2077 Ψ
961 2035 1059 2079 675.

191 2105 408 2164 κηδεμόνες
434 2105 483 2147 δέ
511 2105 550 2149 οἱ
579 2103 718 2147 ἐνθάδ’
748 2105 912 2153 ἀολλέες
938 2103 1035 2146 αὖθι
1057 2104 1273 2160 μενόντων,

192 2175 237 2220 οἵ
258 2174 303 2220 κέ
326 2192 393 2234 μιν
422 2173 616 2224 &olavum
644 2175 744 2235 ἐμῇς
769 2175 845 2218 ὑπὸ
870 2176 991 2234 χερσὶ
1021 2174 1194 2233 δαμέντα

73 2248 260 2291 futurum
323 2244 517 2294 ἐξοίσυυσι
580 2245 683 2289 nihil
751 2245 864 2288 aliud
920 2257 1044 2300 quam
1110 2244 1304 2289 fiduciam
1367 2218 1630 2303 permagnam

76 2317 223 2361 ceteris
263 2316 396 2360 verbis
439 2316 605 2371 pag-ulis
651 2315 909 2370 aptissimam
952 2315 1151 2371 exprimit.
1195 2315 1283 2372 (cf.
1297 2333 1329 2359 ν.
1364 2318 1462 2361 666.
1495 2317 1630 2373 ἅφατο

75 2386 112 2429 ὅ
143 2385 344 2444 ἡμιόνων).
407 2385 540 2429 'I'anta
570 2386 634 2429 est
662 2384 812 2428 fiducia
855 2384 1006 2441 pugilis
1051 2384 1411 2441 grandiloqnentis‚
1457 2387 1506 2429 ιιι
1551 2397 1631 2429 ιιοιι

76 2456 210 2499 solum
238 2455 516 2499 adversarium
554 2468 675 2498 suum
714 2455 902 2498 manibus
939 2454 1024 2498 suis
1054 2454 1257 2498 domitum
1285 2455 1401 2498 humi
1424 2454 1630 2511 jacentem

75 2525 225 2587 videat,
272 2525 344 2570 sed
388 2525 512 2569 etiam
552 2525 754 2569 curatores
795 2537 890 2568 eum
919 2524 1125 2569 ablaturos
1156 2522 1394 2569 adhortetur
1421 2525 1471 2569 ut
1499 2536 1631 2570 rema.-

75 2597 199 2640 neant
228 2596 322 2649 „die
360 2595 672 2651 Leichentrager
710 2595 838 2639 sollen
877 2595 964 2638 hier
1002 2595 1182 2648 bleibeu‚
1225 2595 1290 2639 die
1329 2595 1422 2639 dich
1462 2595 1633 2639 herauss

76 2668 222 2723 tragon
250 2665 479 2720 werden,
512 2678 591 2711 non
624 2666 818 2719 „sollen“.

200 2806 225 2851 ι)
250 2803 448 2849 ιιιιιᾱιιοιι,
474 2805 618 2843 Unters.
642 2804 732 2842 uber
756 2804 821 2841 (ιω
846 2803 923 2842 Bel.
949 2813 1050 2851 pron,
1075 2803 1114 2841 in
1138 2803 1202 2841 <101
1225 2802 1348 2850 maog.
1372 2790 1543 2850 spraeho.
1590 2818 1596 2824 ·
