1688 2957
831 87 857 129 2

248 213 288 268 1)
320 198 604 268 eonjunctiius
646 215 687 256 et
724 214 908 258 futurum
949 217 989 258 in
1032 216 1250 260 enuntiatis
1291 217 1491 262 institutis
1522 231 1614 263 con-

221 289 223 291 ·
313 282 589 337 junctionibus
620 296 644 326 a
673 283 799 338 stirpe
829 297 941 338 pron.
974 287 1045 328 rel.
1079 286 1281 331 derivatis.

290 365 292 367 ·
346 353 388 407 a)
420 351 704 407 Conjunctivus
754 353 796 395 in
841 355 1061 399 enuntiatis
1111 356 1310 400 institutis
1359 358 1470 400 hisce
1521 372 1609 403 con-

419 421 708 478 junctionibus.

463 493 508 548 α)
540 494 762 536 Enuntiata
792 495 1032 548 explicativa
1072 496 1183 552 (ινα
1215 499 1292 549 ὡς,
1324 500 1454 548 ὅπως,
1486 497 1612 556 ὄφρα,

543 562 755 606 enuntiata
784 563 953 620 finalia).

458 633 507 686 β)
540 633 762 682 Enuntiata
808 636 1047 679 correlative.
1077 637 1225 694 (ὄφρα,
1258 640 1305 681 δ’
1286 655 1336 689 ε,
1368 640 1467 690 ἕως,
1499 641 1557 689 εἷς
1573 641 1610 691 ὅ,

538 701 641 753 εὖτε,
673 703 782 762 ἦμος,
813 706 1021 749 enuntiata
1051 708 1320 764 temporalia).

342 772 387 823 b)
418 773 622 814 Futurum
661 773 703 815 in
744 775 962 818 enuntiatis
991 776 1192 820 institutis
1226 778 1334 821 hisce
1363 779 1610 834 conjunctio-

420 841 551 886 nibus.

237 912 281 967 2)
313 911 600 968 Oonjunctivus
641 914 682 955 et
721 913 905 956 futurum
946 914 989 957 in
1030 916 1250 960 enuntiatis
1288 918 1486 970 institutis
1517 931 1609 965 con·
1676 932 1679 935 ·

307 982 584 1036 junctionibus
615 995 639 1024 a
669 982 794 1037 stirpe
825 984 930 1026 alius
960 986 1072 1028 verbi
1103 999 1151 1029 ac
1177 1000 1287 1041 pron.
1310 989 1380 1031 rel.
1404 988 1612 1046 derivatis.

340 1052 382 1106 a)
414 1051 701 1107 conjunctivus
747 1053 788 1095 in
834 1054 1053 1098 enuntiatis
1104 1056 1306 1101 institutis
1356 1057 1464 1101 hisce
1515 1070 1609 1101 con-

412 1122 702 1177 junctionibus.

459 1192 503 1248 a)
535 1192 759 1236 Enuntiata
789 1193 1030 1248 explicativa
1061 1196 1181 1253 (πρίν,
1213 1197 1410 1253 adverb).

454 1263 503 1317 β)
536 1264 757 1306 anuntiata
773 1265 1093 1320 correlativa'osa
1112 1267 1209 1316 ἐκεῖ,
1226 1267 1316 1323 πρὶν
1332 1257 1605 1324 (conjunctio).

338 1332 384 1388 b)
416 1333 620 1376 Futurum
649 1333 690 1376 in
722 1334 959 1387 enuntiatis,
991 1334 1194 1379 institutis
1223 1336 1333 1380 hisce
1364 1337 1608 1393 conjunctio-

417 1404 548 1446 nibus.
651 1411 657 1415 ‘

339 1473 378 1528 c)
411 1472 696 1528 Gonjunctivus
727 1475 769 1516 et
798 1474 984 1517 futurum
1014 1475 1056 1517 in
1086 1462 1479 1531 interrogationibus.

54 1567 103 1623 C)
142 1567 215 1610 De
255 1566 548 1621 particulis
588 1566 715 1623 κε’(ν)
754 1569 804 1610 et
842 1567 900 1610 ἄν
939 1569 1290 1624 conJunctivo
1331 1571 1382 1612 et
1420 1571 1605 1613 futuro

668 1636 990 1699 adstructis.

1128 1837 1282 1887 „Suum
1310 1839 1483 1894 cuique.“

170 1916 340 1961 Constat
381 1917 487 1961 inter
524 1929 682 1969 omnes,
725 1917 795 1972 qui
835 1917 872 1960 ei
908 1929 1031 1973 quam
1073 1916 1174 1960 mihi
1214 1917 1469 1961 tractandam
1499 1919 1603 1975 elegi
1670 1963 1673 1966 ,

50 1991 260 2044 syntaxeos
301 1985 540 2031 Homericae
581 1988 689 2042 parti
733 1989 797 2030 vel
838 1989 1012 2041 opellam
1060 1989 1281 2039 navarunt‚
1320 1989 1601 2031 necessitatem

51 2059 257 2114 quandam
277 2081 285 2089 .
303 2058 625 2114 affinitatemque
668 2057 775 2101 inter
820 2057 1120 2118 conjunctivum
1151 2057 1193 2100 et
1221 2057 1405 2101 futurum
1435 2059 1600 2103 exstare.
1661 2112 1665 2115 ³

50 2130 131 2172 Sed
162 2131 198 2172 si
227 2130 410 2171 nonnulli
430 2130 458 2182 ¹)
482 2130 655 2178 censent,
690 2129 989 2181 conjunctivum
1018 2140 1090 2181 pro
1121 2128 1258 2169 futuro
1289 2129 1492 2170 usitatum
1518 2141 1602 2170 esse

173 2258 198 2300 ¹)
226 2256 475 2297 Thiersch‚
504 2255 658 2291 Gramm.
686 2258 706 2297 5
733 2255 820 2296 295,
847 2255 879 2290 5.
907 2255 1009 2297 „Wie
1035 2255 1114 2290 lu’er
1139 2253 1202 2289 der
1226 2254 1305 2295 Ins„
1332 2265 1371 2289 so
1388 2253 1500 2290 findet
1524 2256 1601 2291 sich

47 2304 85 2337 in
126 2302 284 2337 anderen
331 2302 460 2337 Fallen
508 2303 602 2337 statt
651 2301 713 2336 des
754 2301 924 2346 Imperat.
967 2301 1030 2337 das
1072 2299 1395 2336 Futur.1⁷m‘›oem
1435 2299 1601 2350 Ἀτρείδην

48 2350 92 2385 n
118 2350 418 2436 Κέἒξῒὺὶιίαθ,
446 2395 602 2431 Gramm.
629 2398 649 2438 9
675 2395 762 2436 498,
876 2395 998 2436 „Auch
1036 2395 1136 2430 steht
1167 2394 1232 2430 das
1265 2393 1347 2429 Fut.
1383 2405 1505 2430 ausser
1537 2395 1600 2431 der

47 2443 167 2488 Frage
194 2444 288 2478 statt
314 2442 376 2478 des
401 2422 572 2487 Imperat.
599 2442 668 2487 mit
705 2442 803 2478 einer
838 2441 1063 2478 mildernden
1099 2440 1300 2486 Wendung,
1337 2440 1389 2477 als
1423 2441 1467 2477 ob
1491 2442 1600 2479 Einer

46 2502 115 2525 von
133 2489 248 2525 selbst
260 2490 351 2525 thun
366 2489 496 2531 warde,
520 2500 592 2524 was
610 2483 673 2524 der
691 2488 832 2524 Andere
849 2489 996 2524 fordert.
1033 2488 1076 2524 11.
1095 2488 1138 2523 Κ.
1158 2489 1203 2523 88
1223 2452 1374 2523 summe
1391 2491 1435 2524 st.
1455 2491 1596 2534 ruffiffest‘

164 2535 462 2580 Bernhardy,
490 2535 706 2571 Wissensoh.
733 2535 870 2581 Syntax
895 2536 938 2570 d.
955 2546 1007 2581 gr.
1034 2535 1114 2579 Spr.
1140 2544 1174 2579 p.
1203 2535 1282 2570 378.
1334 2535 1428 2576 „Das
1452 2536 1509 2571 fut
1510 2563 1597 2571 .....

45 2582 110 2618 bot
143 2583 234 2618 auch
273 2582 331 2618 die
368 2582 475 2618 Form
513 2582 612 2618 eines
650 2581 824 2618 milderen
857 2583 1027 2628 Imperat.
1055 2581 1141 2624 dar,
1169 2580 1217 2617 du
1241 2580 1342 2617 wirst
1366 2593 1405 2617 so
1429 2582 1596 2644 handeln,

47 2640 150 2664 wenn
175 2629 223 2664 du
248 2628 930 2675 folgst.Od.ss.270.11.1{.235.

112 2700 115 2702 -
163 2675 366 2721 Kriiger,
395 2674 456 2710 Gr.
484 2675 698 2720 Sprachl.1.
726 2678 748 2718 5
772 2675 828 2710 53.
856 2676 888 2710 7.
914 2675 955 2711 A.
982 2675 1085 2710 2-4,
1138 2673 1227 2716 „Die
1252 2673 1280 2709 1.
1306 2684 1398 2720 pers.
1415 2674 1481 2712 fut.
1499 2676 1598 2713 steht

45 2723 146 2765 auch,
172 2721 367 2760 besonders
392 2722 430 2758 in
455 2721 521 2758 der
546 2722 675 2768 Frage,
714 2722 796 2758 dem
833 2722 1036 2768 conjunctiv
1073 2732 1247 2768 synonym
1282 2721 1317 2758 in
1355 2723 1598 2759 exhortativer

44 2761 146 2815 Bdtg
147 2796 249 2805 .....
293 2769 362 2805 Die
387 2769 511 2805 zweite
536 2769 673 2804 Person
699 2769 879 2805 erscheint
912 2770 1001 2805 auch
1038 2769 1092 2805 als
1130 2768 1360 2814 gemildorter
1384 2770 1595 2817 Imperativ:
1634 2818 1638 2821 q

44 2816 98 2855 als
120 2781 264 2853 lebhaft
289 2815 507 2864 dringender
532 2817 569 2852 in
597 2815 659 2852 der
686 2815 803 2863 Frage
828 2816 895 2853 mit
919 2817 993 2854 οὐύ·
