1688 2957
56 187 234 244 junctivi
263 186 462 232 soristum
490 187 652 244 saepius
680 199 805 244 quam
839 164 1084 245 conjunctivi
1111 198 1334 243 praesens,
1344 172 1489 242 Ριιιιιιι
1513 187 1627 244 pqr&

62 268 161 302 sona
204 258 315 315 sing.
356 270 515 314 semper
557 270 654 303 cum
697 257 958 302 antecedente
1001 258 1206 302 formula
1220 253 1451 314 conjuncta,
1480 255 1614 314 Ριιηζιζ
1682 292 1685 294 .

61 339 230 384 persona
272 325 380 385 plur.
425 341 713 385 nonnunquam
757 340 805 372 ca
847 328 996 372 omissa
1048 328 1247 384 reperitur
1333 327 1384 371 In
1435 319 1639 384 Odyssee‘
1669 319 1672 323 ’

62 410 327 455 unaquaque
370 398 516 443 harum
559 399 826 443 fomularum
868 399 1023 455 primae
1065 409 1257 454 personae
1299 398 1402 454 sing.
1435 398 1493 442 et
1504 391 1624 453 plan

63 468 312 526 adjungitur,
342 469 386 513 in
414 469 544 513 Iliade
571 481 666 513 vero
694 481 774 513 non
803 469 975 524 reperies
1011 466 1097 512 ἀλλ’
1125 467 1296 523 ἄγετε
1318 479 1412 511 cum
1440 467 1475 510 Ι.
1492 478 1611 522 pers.

64 538 210 594 sing..
241 536 327 581 ἀλλ’
356 537 444 594 ἄγε
473 550 568 582 cum
605 539 640 582 1.
671 550 774 595 pers.
816 538 946 622 sing,=
992 549 1072 582 uno
1116 538 1280 582 tantum
1323 536 1425 588 loco,
1477 534 1516 579 Ι.
1541 535 1611 581 60
1662 582 1666 587 ,

65 605 158 651 Ἀλλ’
187 605 251 664 ἄγ’
268 608 382 664 ἐγών
381 638 789 660 ...........

183 677 340 724 ἐξείπω.

181 748 316 804 Huius
357 751 400 793 et
435 749 616 805 negativi
655 749 899 805 conjunctivi
937 750 1144 805 proprium
1183 750 1246 792 est
1286 749 1329 791 et
1356 724 1558 804 peculiare
1586 759 1613 790 a

63 817 275 932 Ραιξοιιιιε
304 816 413 877 κέ(ν)
443 820 486 863 et
515 818 565 863 ἄν
594 819 829 872 abhorrere
861 818 910 863 de
940 818 1086 875 quibus
1124 818 1228 864 infla
1257 817 1390 863 dicam
1419 816 1614 874 perpetua

65 899 138 932 ora
172 900 247 932 one
770 924 774 927 .

648 1010 701 1069 β)
737 1013 1031 1068 neqativue.

151 1133 153 1135 “
186 1132 309 1178 Actio
348 1133 505 1177 instans
545 1133 758 1188 quominus
793 1133 845 1177 ad
875 1133 1063 1177 effectum
1101 1133 1347 1189 perducatur
1383 1146 1408 1176 a
1437 1132 1615 1188 subjecto

66 1192 316 1259 prohibetur,
347 1202 551 1246 abnuitur.
614 1202 750 1256 Quum
779 1203 904 1247 latius
932 1204 1000 1247 hic
1030 1203 1305 1261 conjunctivus
1333 1203 1461 1259 patet,
1482 1214 1616 1259 quam

66 1273 287 1329 positivus,
318 1273 415 1328 quia
445 1285 538 1316 cum
567 1274 616 1325 1.,
648 1274 717 1325 11.‚
749 1274 824 1316 111.
856 1286 959 1329 pers.
992 1274 1227 1330 conjunctus
1266 1272 1492 1324 invenitur,
1524 1273 1625 1319 tum

68 1342 192 1386 etiam
223 1342 343 1386 certis
373 1342 555 1386 terminis
586 1343 914 1400 circumscriptus
944 1345 1030 1396 est,
1062 1343 1169 1399 quod
1208 1343 1367 1386 nullum
1397 1341 1509 1385 aliud
1537 1341 1616 1385 nisi

68 1412 210 1456 aoristi
238 1413 400 1467 tempus
429 1413 640 1467 reperitur,
671 1414 830 1468 praeter
860 1430 887 1468 γ
914 1415 1013 1463 240,
1032 1412 1214 1470 Μέντορ
1240 1412 1424 1470 μηκέτι
1453 1413 1616 1454 ταῦτα

68 1480 344 1539 λεγώμεθα
375 1500 432 1521 =
463 1498 485 1525 ν
515 1484 614 1527 296.

185 1551 324 1608 Longe
360 1552 683 1607 frequentissime
722 1553 936 1597 adhibetur
980 1553 1047 1596 hic
1093 1552 1369 1609 conjunctivus
1408 1552 1450 1596 in
1490 1563 1615 1595 enun-
1659 1556 1666 1564 '

68 1621 321 1674 tiationibus‚
367 1635 471 1677 quae
515 1622 686 1666 timendi
730 1623 933 1668 notionem
978 1623 1195 1679 continent,
1240 1623 1408 1665 verbum
1446 1620 1617 1665 timendi

68 1703 164 1735 vero
194 1692 268 1735 aut
298 1691 568 1746 supplendum
598 1693 673 1744 est
797 1700 800 1704 '

187 1777 210 1803 ε
240 1762 340 1810 356,
370 1758 415 1803 Ὦ
433 1777 503 1817 μοι
533 1762 626 1816 ἐγώ,
651 1762 710 1820 μή
738 1762 801 1811 τίς·
826 1778 883 1805 τοι
914 1762 1100 1822 ὑφαίνησι
1131 1763 1249 1810 δόλον
1278 1760 1386 1804 αὖτε.

195 1829 231 1873 Φ
261 1832 360 1882 563,
385 1831 445 1890 μή
469 1829 513 1888 μ’
542 1832 827 1890 ἀποειρόμενον
857 1833 993 1881 πόλιος·
1019 1832 1201 1876 πεδίονδε
1231 1833 1368 1891 νοήσῃ,

186 1902 272 1954 aut,
305 1902 413 1957 quod
432 1902 590 1957 saepius
609 1903 818 1958 reperitur,
850 1903 976 1955 adest,
998 1904 1235 1959 plerumque
1256 1902 1404 1952 ὃείὸω;
1433 1901 1622 1957 αἰδέομαί

71 1972 114 2014 Χ
143 1973 240 2016 106.
544 1998 563 2022 a.

198 2039 237 2083 Ω
262 2042 348 2084 435
381 2041 554 2084 δείδοικα
584 2044 649 2084 καὶ
679 2042 872 2099 αἰδέομαι,
914 2041 954 2084 Ψ
976 2043 1046 2091 34,
1077 2040 1288 2091 ἀλέασθαι,
1320 2041 1480 2084 similia.

188 2121 326 2165 Minus
354 2121 582 2177 frequenter
611 2123 786 2167 usitatae
826 2123 1045 2167 sententiae
1083 2135 1176 2165 cum
1205 2121 1420 2165 minitandi
1449 2122 1515 2165 vel
1545 2121 1619 2164 ad-

70 2191 259 2235 monendi
287 2191 449 2235 notione
484 2192 511 2233 Ι
535 2193 619 2236 522
623 2225 783 2235 ......
822 2196 901 2235 τῶν
924 2192 983 2250 μὴ
998 2193 1047 2234 σύ
1078 2207 1122 2248 γε
1146 2191 1279 2249 μῦθον
1309 2190 1474 2249 ἐλέγξῃς.

198 2260 230 2303 Θ
260 2262 331 2313 95,
356 2262 416 2320 μή
445 2262 500 2311 τίς
533 2261 596 2304 τοί
620 2262 802 2319 φεύγοντι
824 2262 1068 2320 μεταφρένῳ
1088 2262 1131 2304 ἐν
1161 2262 1262 2320 δόρυ
1292 2260 1409 2321 πήξῃ.

190 2343 399 2387 Minitatio
443 2344 551 2387 inest
595 2345 937 2388 enuntiationibus
974 2359 1011 2395 σ,
1046 2347 1113 2394 10,
1145 2344 1224 2387 εἶκε
1250 2343 1372 2402 γέρον
1397 2342 1618 2401 προθύρου,

67 2413 125 2471 μὴ
157 2413 208 2471 δὴ
239 2414 343 2472 τάχα
374 2415 438 2456 καὶ
467 2414 592 2463 ποδὸς
625 2415 728 2473 ἕλκη.
759 2415 809 2458 cf.
845 2416 912 2458 13.
949 2413 985 2456 Φ
1015 2415 1113 2458 475.
1173 2415 1207 2456 Α
1237 2416 1306 2458 26.

189 2494 445 2539 Admonendi
465 2496 531 2539 vel
551 2496 766 2540 minitandi
786 2497 872 2540 vice
892 2497 1077 2552 fungitur
1100 2497 1159 2555 μή
1180 2509 1214 2540 c.
1238 2496 1337 2552 conj.
1361 2495 1620 2540 antecedente

58 2565 193 2608 ‘verbo
216 2565 405 2621 jurandi;
430 2582 463 2622 μ
494 2568 721 2618 300.-σ,
739 2568 807 2610 57.
827 2591 886 2598 —-
909 2566 1047 2612 K301
1083 2585 1138 2605 =
1172 2568 1271 2617 341,

77 2627 88 2638 ’
191 2633 297 2678 Ἀλλὰ
325 2634 515 2682 κέλεσθαί
534 2654 600 2694 μιν
625 2636 753 2694 μέγαν
781 2636 901 2695 ὅρκον
931 2638 1110 2694 ὀμόσσαι,

193 2706 259 2765 Μή
289 2706 327 2748 τί
353 2722 410 2749 τοι
439 2707 553 2764 αὐτῷ
582 2711 691 2766 πῆμα
722 2708 839 2750 κακὸν
866 2708 1135 2764 βουλευσέμεν
1165 2707 1273 2758 ἄλλο,

192 2776 259 2834 Μή
289 2774 325 2818 o’
355 2776 689 2833 ἀπογυμνωθέντα
720 2777 837 2820 κακὸν
867 2779 931 2820 καὶ
960 2778 1138 2836 ἀνήνορα
1169 2776 1265 2835 θήῃ.
