1688 2957
835 121 891 165 23

65 274 70 279 .
89 243 252 295 relativi
300 214 476 306 genuina
518 250 629 293 notio
674 249 889 293 abhorreat
932 262 958 292 a
999 249 1161 293 notione
1209 250 1520 305 interrogativa,
1565 250 1639 293 has

48 327 53 330 ’
91 332 249 384 queque
267 319 562 363 enuntiationes
578 331 673 362 cum
693 316 1040 375 conjunctionibus
1069 332 1094 362 a
1122 319 1248 374 stirpe
1267 319 1428 362 relativi
1449 319 1637 366 derivatis

0 408 5 415 ·
56 436 63 443 ⁴
90 391 198 434 mter
225 390 438 433 enuntiata
450 377 743 445 interrogativa
771 402 849 432 non
877 389 1103 432 referendas
1119 402 1204 432 esse
1234 402 1360 444 aeque
1389 390 1635 444 putabimus.

573 495 615 547 b)
657 493 883 537 mundata
911 494 1155 538 correlativa.

208 576 303 620 Huc
322 577 441 619 erunt
460 575 687 619 referendae
707 561 999 619 enuntiationes
1021 588 1113 618 cum
1133 576 1478 635 conjunctionibus
1509 576 1635 634 ὄφρα,

19 655 21 657 ’
94 647 175 696 ὅτε,
207 646 296 696 ἕως,
328 647 386 696 εἷς
411 646 448 696 ὅ,
481 645 584 697 εὖτε,
616 646 723 704 ἦμος.

210 717 297 758 ὅτε
342 716 514 772 genuino
560 715 813 759 aecusativus
858 729 947 772 gen.
1000 717 1130 759 neutr.
1182 705 1427 771 pronominis
1476 717 1636 760 relativi

90 786 283 843 adjuncta
312 786 514 840 particula
544 802 598 828 τε.

212 855 255 911 1)
286 857 606 911 temporale,
639 869 776 912 quum,
807 868 936 908 wann,
971 868 1063 899 cum
1095 856 1347 912 conjunctivo
1377 856 1573 912 objectivo
1593 858 1636 901 et

11 968 19 973 .,
90 940 185 969 eum
215 926 365 978 futuro,
396 926 468 969 sed
497 939 614 969 raro:

93 995 125 1037 Δ
159 998 255 1047 164,
286 995 442 1039 ἔσσεται
471 995 579 1055 ἦμαρ
611 996 666 1039 ὅτ’
698 996 747 1039 ἄν
777 996 858 1038 ποτ’
890 996 1034 1054 ὀλώλῃ.

90 1082 119 1108 σ
145 1068 245 1116 272,
278 1066 352 1132 νὺξ
375 1065 521 1109 δ’ἔσται
550 1067 618 1108 ὅτε
648 1067 699 1123 δὴ
729 1066 918 1123 στυγερὸς
944 1068 1066 1122 γάμος
1093 1067 1346 1123 ἀντιβολήσει.

209 1147 261 1203 2)
283 1148 993 1203 hypothetico-temporale:

265 1229 310 1286 α)
341 1230 398 1273 ut
428 1230 814 1282 concessivum,
860 1230 1162 1285 vorausgesetzt
1203 1229 1315 1282 dass,
1347 1243 1636 1286 angenommen

345 1300 458 1352 dass,
489 1301 555 1342 ssu·
585 1300 661 1343 den
691 1301 783 1343 Fall
814 1300 919 1342 dass,
1011 1342 1015 1345 ,

96 1368 132 1411 Φ
149 1371 233 1413 323
236 1401 871 1420 ................
901 1369 998 1411 οὐδέ
1023 1370 1060 1411 τί
1083 1386 1148 1425 μιν
1167 1372 1285 1427 χρεώ

264 1438 372 1480 ἔσται
396 1440 646 1497 τυμβοχοῆό,
670 1440 727 1481 ὅτι
745 1455 811 1494 μιν
833 1439 1034 1481 θάπτωσιν
1064 1440 1213 1496 Ἀχαιοί.

259 1520 308 1576 β)
341 1520 852 1576 ‚‚quotieseunque.“

87 1604 109 1643 λ
141 1604 240 1651 218,
271 1602 352 1643 ἀλλ’
384 1600 483 1659 αὕτη
514 1601 601 1660 δίκη
632 1602 713 1644 ἐστὶ
738 1602 911 1659 βροτῶν,
943 1601 1009 1644 ὅτε
1040 1602 1095 1651 τίς
1120 1617 1163 1644 κε
1186 1601 1362 1660 θάνῃσιν.

90 1672 122 1713 A
152 1673 223 1722 80,
253 1671 445 1728 κρείσσων
475 1672 555 1728 γὰρ
582 1671 770 1727 βασιλεύς
798 1673 864 1714 ὅτε
887 1674 1066 1731 χώσεται
1095 1672 1212 1729 ἀνδρὶ
1233 1673 1356 1731 χέρηι

87 1742 175 1785 hae.
193 1741 352 1784 notione
401 1741 600 1796 imprimis
640 1742 795 1785 usitata
835 1744 897 1785 est
937 1743 1162 1798 conjunctio
1202 1743 1243 1785 in
1283 1744 1492 1786 sententiis
1531 1757 1634 1798 quae

88 1809 225 1855 omnes
256 1811 297 1854 in
327 1813 462 1866 partes
492 1813 641 1855 valent.
675 1813 725 1856 ef.
757 1812 961 1867 Exempla.

204 1883 264 1924 Ex
285 1882 626 1941 enuntiationibus
646 1883 935 1937 temporalibus
954 1885 1240 1926 emanaverunt
1260 1884 1344 1925 sine
1365 1884 1486 1926 dubio
1507 1897 1634 1927 enun-

87 1952 276 1996 tiationes
306 1952 611 2008 hypotheticae;
642 1952 875 2008 hypothesis
901 1953 1094 2008 temporis
1116 1953 1293 2007 spatium
1313 1954 1535 2009 putabatur
1555 1967 1633 2009 quo

87 2024 249 2077 peraeto
279 2023 385 2065 aetio
415 2022 612 2078 quaedam
642 2023 884 2074 efficeretur;
917 2035 997 2078 qua
1026 2023 1076 2065 de
1107 2036 1226 2066 causa
1255 2023 1379 2066 etiam
1409 2024 1450 2065 in
1472 2037 1519 2066 ea
1540 2037 1633 2067 eon—

81 2092 289 2148 junetione
334 2093 401 2135 ‹5ae
446 2106 548 2148 quae
591 2093 707 2137 initio
752 2093 954 2138 notionem
998 2093 1261 2148 temporalem
1305 2093 1481 2136 habebat
1525 2095 1633 2137 notio

89 2163 196 2206 inest
243 2163 503 2218 hypothetica
553 2176 721 2218 quoque.
782 2163 916 2219 Hujus
947 2158 1255 2218 'conjunctionis
1304 2163 1458 2206 notioni
1507 2176 1632 2218 quum

88 2234 285 2289 congruat
328 2233 438 2277 notio
484 2233 770 2289 conjunctionis
815 2231 935 2276 εὖτε
980 2233 1123 2285 „lieet‚
1162 2234 1211 2276 ut
1248 2235 1550 2277 concessivum“
1592 2236 1634 2277 et

90 2303 474 2357 ,‚quotieseunque“‚
507 2304 604 2358 quin
633 2303 676 2346 in
696 2316 798 2355 eam,
830 2315 953 2358 quam
971 2303 1246 2347 Buttmannus
1268 2303 1391 2346 Lexil.
1415 2304 1469 2346 ΙΙ.
1487 2317 1525 2357 p.
1546 2306 1630 2347 202

87 2372 149 2416 ed.
172 2373 226 2416 Π.
258 2374 300 2416 et
329 2373 532 2429 Hartung,
563 2374 856 2417 Partikellehre
874 2373 905 2418 I.
925 2387 964 2428 p.
990 2374 1074 2417 215
1095 2374 1349 2428 protulerunt
1379 2374 1630 2424 sententiam,

87 2441 177 2486 εὖτε
207 2443 371 2487 dialecti
410 2445 574 2487 tantum
619 2444 749 2487 forma
793 2444 951 2487 differre
980 2457 1005 2487 a
1035 2444 1309 2499 conjunctione
1352 2444 1431 2495 3,oe
1461 2443 1631 2498 pedibus
1660 2475 1664 2478 -

86 2512 216 2556 ineam
254 2513 341 2555 fieri
381 2526 459 2556 non
498 2515 644 2568 potest.
670 2514 700 2568 ¹)

99 2587 105 2589 ’
205 2582 230 2624 ἕ
237 2597 319 2632 ως
361 2584 434 2632 εἰς
468 2584 503 2625 ὅ.
561 2583 809 2639 Primigenia
837 2583 966 2626 forma
994 2583 1073 2626 fuit
1102 2584 1159 2632 εἷς
1185 2583 1213 2623 ὅ
1238 2582 1303 2625 vel
1341 2582 1384 2633 ἐς
1410 2583 1448 2631 ὅ,
1477 2584 1629 2626 metha-

208 2710 234 2753 ¹)
261 2708 335 2754 Cap
338 2709 503 2752 ellmann,
530 2708 658 2746 Sched.
683 2710 762 2746 erit.
788 2720 823 2755 p.
852 2710 905 2751 12,
1046 2708 1202 2755 „gerade
1227 2720 1269 2745 zu
1295 2708 1358 2745 der
1382 2709 1483 2744 'bein‘
1509 2712 1625 2744 ortum

88 2767 171 2792 exe
172 2755 255 2791 zet
277 2768 326 2791 τε.
354 2777 397 2782 -
423 2755 578 2800 Curtius,
606 2756 759 2793 Grundz.
785 2757 818 2792 d.
844 2709 970 2802 Etym‘⁴⁵
972 2722 1056 2792 1i1.
1081 2767 1115 2801 p.
1142 2757 1221 2792 557.
1270 2756 1351 2791 εὖτε
1375 2759 1492 2791 ortum
1519 2759 1625 2801 putat

86 2814 129 2886 ee:
151 2801 255 2886 ἐξὲξ
255 2802 482 2886 *32:132
445 2814 546 2848 pron.
584 2804 646 2842 rel.
680 2803 720 2849 J‘a
756 2814 836 2839 cum
872 2802 997 2838 suffixo
1035 2816 1082 2845 τε,
1117 2803 1132 2848 3
1170 2805 1387 2839 commutato
1425 2814 1503 2839 cum
1541 2816 1560 2837 ε
1592 2806 1629 2838 et
