1688 2957
833 98 859 141 3

76 225 266 278 Homero,
299 226 334 268 si
363 226 549 270 futurum
581 225 810 279 imperativi
829 226 915 268 vice
934 224 1050 279 fungi
1070 224 1328 275 contendunt,
1360 224 1451 266 11111
1471 236 1619 279 mag-no

77 296 179 343 mihi
208 296 359 341 versari
387 295 575 338 videntur
604 307 754 345 errore;
801 295 908 349 quod
938 294 1088 337 nemini
1117 294 1248 336 adhuc
1277 294 1402 336 etiam
1432 294 1620 337 futurum

75 379 151 420 pro
196 366 449 421 conjunctivo
493 365 672 419 positum
717 377 805 407 esse
849 359 892 406 in
935 365 1113 407 mentem
1157 363 1343 410 inciderit
1381 364 1499 406 valde
1528 376 1621 406 sum

76 435 262 480 miratus.

194 506 430 561 Antequam
470 506 519 548 de
566 506 740 561 genuina
787 505 1028 561 conjunctivi
1074 506 1115 548 et
1158 505 1287 548 futuri
1330 505 1621 560 significatione

60 577 200 620 ‘verba
228 577 397 629 faciam,
430 576 731 630 disquirendum
771 576 953 627 videtur,
985 588 1160 630 quonam
1200 575 1318 618 modo
1348 576 1452 618 hanc
1481 575 1621 629 primi-

78 647 239 701 geniam
268 646 601 701 significationem
632 658 768 689 eruere
807 646 1019 700 possimus,
1068 658 1192 699 eaque
1236 645 1338 687 mihi
1381 645 1622 701 primigenia

77 729 164 760 esse
192 716 353 760 videtur
382 728 485 770 quae
506 704 644 758 eadem
673 716 949 759 vetustissima
979 717 1052 767 est,
1085 728 1209 769 eaque
1239 716 1317 757 erit
1345 716 1622 758 vetustissima

78 798 181 840 quae
209 786 253 828 in
282 799 341 838 eo,
375 786 482 840 quod
510 786 833 829 vetustissimum
864 785 1188 829 enuntiationum
1209 785 1459 840 appellamus
1480 797 1622 841 genere

79 857 193 900 nobis
214 856 371 900 exstitit
390 856 643 911 significatio,
675 857 997 900 vetustissimum
1017 857 1154 899 autem
1175 856 1476 899 enuntiatorum
1496 869 1622 911 genus

79 927 143 969 est
172 939 299 981 genus
330 926 652 969 enuntiationum
681 927 974 981 principalium.

195 996 410 1051 Digrediar
439 1009 544 1039 nunc
574 997 816 1050 paullulum,
864 999 912 1040 ut
943 997 1164 1047 ostendam,
1212 975 1409 1050 quaenam
1439 996 1623 1039 enuntia-

79 1066 263 1109 tionum
287 1065 517 1110 distributio
567 1066 609 1109 in
659 1067 735 1110 hac
785 1066 1063 1111 dissertatione
1113 1066 1339 1110 adhibenda
1387 1079 1473 1110 esse
1522 1066 1623 1109 mihi

80 1136 166 1179 visa
195 1136 262 1179 sit.

197 1206 373 1258 Curtius,
421 1207 739 1263 Erlauterungen
780 1209 856 1251 etc.
898 1222 936 1262 p.
973 1209 1055 1251 195
1097 1208 1157 1250 ita
1195 1208 1403 1251 enuntiata
1446 1207 1625 1262 partitur

82 1277 270 1332 (eumque
287 1277 577 1320 Delbrueckius
596 1277 638 1319 in
662 1278 765 1320 libro
792 1278 863 1320 1110
887 1278 1048 1333 egregio
1070 1278 1377 1333 „Syntactische
1397 1278 1624 1321 Forschun-

82 1357 172 1402 gen.
218 1348 257 1389 1.·
302 1346 565 1402 „Conjunctiv
595 1348 653 1391 im
673 1347 958 1392 Griechischen
987 1348 1070 1391 und
1101 1348 1305 1393 Sanscrit“
1338 1349 1500 1392 secutus
1529 1349 1622 1403 est).

361 1417 418 1472 A)
449 1417 753 1473 Aussagesatze.

455 1488 497 1542 1)
528 1488 790 1543 Hauptsatze.

454 1558 497 1613 2)
528 1555 781 1601 relativisclie
812 1559 1073 1601 Nebensatze.

453 1627 498 1683 3)
530 1628 779 1673 Nebensatze
808 1629 887 1673 mit
916 1628 1238 1685 Conjunctionen.

364 1698 416 1753 B)
448 1699 700 1753 Fragesatze.

200 1769 249 1810 In
280 1781 326 1810 ea
355 1769 570 1822 partitione
613 1770 689 1811 hoc
727 1769 861 1811 minus
891 1770 1047 1823 placet,
1080 1769 1187 1823 quod
1218 1770 1425 1812 enuntiata
1455 1770 1626 1813 interro-

84 1837 221 1892 gativa
270 1850 294 1880 a
351 1838 493 1881 ceteris
551 1838 890 1881 enuntiationibus
951 1840 1226 1893 segregantur.
1309 1840 1451 1893 Neque
1501 1853 1626 1882 enun-

83 1906 187 1951 tiata
231 1907 519 1964 interrogativa
564 1907 760 1963 posterius
806 1921 928 1964 quam
972 1921 1108 1952 omnes
1160 1909 1312 1953 ceterae
1356 1910 1629 1965 profluxerunt

85 1979 376 2021 enuntiationes
421 1992 549 2033 neque
594 1980 823 2032 temporum
866 1980 1155 2033 modorumque
1192 1980 1234 2021 in
1252 2001 1254 2003 ·
1272 1980 1321 2021 iis
1351 1993 1472 2021 usum
1502 1981 1630 2022 alium

85 2059 171 2092 esse
202 2048 324 2104 atque
354 2048 395 2092 in
425 2047 765 2092 enuntiationibus
780 2082 790 2102 ‚
834 2061 932 2104 quas
973 2049 1212 2105 principales
1244 2049 1327 2105 (vel
1357 2049 1628 2107 secundariae)

86 2119 269 2169 dicimus,
301 2120 566 2173 intellegitur,
592 2111 722 2172 quam
753 2120 804 2160 ob
834 2132 920 2160 rem
950 2120 1047 2172 quin
1075 2120 1180 2161 inter
1200 2120 1491 2162 enuntiationes
1519 2121 1631 2175 prin-

86 2186 236 2243 cipales
265 2188 330 2233 vel
359 2188 614 2233 secundariae
644 2188 848 2244 ponendae
878 2189 960 2233 sint
990 2202 1068 2233 non
1081 2212 1084 2215 ·
1098 2190 1161 2233 est
1191 2189 1525 2234 addubitandum.

202 2259 403 2312 Equidem
433 2259 638 2301 distribue
661 2259 870 2303 enuntiata
899 2260 941 2301 in

266 2328 309 2384 1)
341 2329 548 2372 enuntiata
567 2329 815 2384 principalia,
842 2329 983 2384 hisque
1004 2330 1296 2374 enuntiationes
1317 2331 1628 2386 interrogativas

342 2399 514 2442 directas
544 2399 775 2451 adnumero,
807 2400 849 2442 et
862 2399 921 2442 -in

265 2470 309 2524 2)
340 2469 550 2512 enuntiata
579 2469 825 2522 secundaria,
857 2482 981 2524 eaque
1011 2470 1054 2513 in

369 2539 410 2594 a)
432 2539 641 2582 enuntiata
670 2552 782 2594 pron.
814 2539 983 2583 relativo
1014 2541 1056 2583 et

370 2609 415 2663 b)
438 2609 646 2652 enuntiata
658 2610 1001 2663 conjunctionibus
1016 2610 1219 2661 instituta,
1229 2611 1270 2652 et
1286 2610 1602 2665 conjunctlones
1591 2625 1633 2652 111

490 2683 535 2731 α)
568 2691 634 2722 eas
664 2691 689 2722 a
719 2678 844 2734 stirpe
872 2678 1116 2734 pronominis
1146 2680 1306 2724 relativi
1335 2682 1377 2724 et
1407 2694 1472 2724 eas

487 2749 536 2804 β)
568 2750 618 2792 ab
638 2750 733 2791 ‘alia
764 2749 936 2803 quadam
968 2750 1095 2805 stirpe
1125 2750 1337 2793 derivatas.

206 2818 497 2863 Delbrueckius
556 2820 760 2874 praeterea
809 2819 1019 2863 enuntiata
1063 2820 1298 2864 secundaria
1343 2820 1542 2876 disposuit
1592 2822 1634 2865 in

1381 2901 1422 2936 1*
