1688 2957
843 67 869 109 5

264 196 485 240 Enuntiata
517 194 717 238 cernimus

203 267 247 322 1)
291 279 413 321 quae,
459 267 507 309 ut
560 266 619 308 ita
673 265 832 317 dicam,
882 278 960 307 non
1012 265 1088 307 nisi
1140 265 1200 307 ad
1251 264 1628 318 explicandam

81 337 492 395 antecedentem
523 335 949 395 enuntiationem
980 335 1200 378 additae
1241 336 1382 384 sunt;
1428 335 1506 376 huc
1538 346 1627 387 per-

81 406 212 450 tinent
243 407 452 450 enuntiata
482 407 651 449 relativa
682 418 775 448 cum
805 407 983 459 tempore
1013 405 1123 447 modi
1154 405 1361 448 indicativi
1392 418 1425 446 e.
1460 417 1499 458 g.

311 477 407 519 οὐδέ
436 491 488 525 τις
524 474 724 531 Ἀτρεΐδεω
755 475 898 532 ἕταρον
928 473 1067 521 λίπεῦ’,
1099 475 1142 514 οἵ
1166 476 1203 515 οἱ
1234 475 1383 516 ἕποντο.

197 547 418 589 Enuntiata
467 546 585 601 hujus
636 545 791 600 generis
842 557 997 599 semper
1048 544 1159 599 sequi
1215 544 1396 586 videmus
1443 545 1625 587 enuntia-

53 616 232 659 'tionem
269 616 555 671 principalem;
606 616 809 670 praeterea
847 615 1165 657 enuntiationum
1203 614 1516 668 postpositarum
1562 627 1626 656 eas

81 698 248 742 quoque,
296 698 397 741 quae
445 686 607 729 consilio
653 685 864 728 indicando
909 684 1131 727 inserviunt
1169 685 1246 727 huc
1285 684 1510 727 referendas
1540 696 1626 727 esse

80 768 204 811 aeque
235 757 474 799 censuimus.
538 755 646 798 Nam
692 755 794 798 tales
840 754 1130 797 enuntiationes
1176 768 1253 797 non
1293 756 1370 797 nisi
1402 755 1624 808 explicandi

81 832 212 878 causa,
245 839 346 881 quae
377 826 466 880 quis
498 826 607 868 dicat
635 826 820 875 faciatve,
854 824 996 867 dixerit
1026 826 1099 866 aut
1128 826 1266 867 fecerit
1287 826 1328 867 in
1350 825 1624 867 enuntiatione

79 896 347 948 antecedente,
381 896 591 951 adjunctas
623 908 719 946 esse,
753 907 879 949 quum
909 906 954 936 ex
976 907 1033 945 e0,
1067 895 1173 948 quod
1205 896 1338 937 omnia
1369 896 1467 937 haec
1498 908 1624 937 enun-

77 966 182 1008 tiata
211 979 282 1020 pro
314 979 354 1008 se
386 979 566 1020 quaeque
595 966 807 1020 perspicua
837 965 933 1006 sunt
953 966 994 1006 et
1024 965 1197 1007 faciliter
1226 965 1409 1020 intellegi
1440 967 1622 1018 possunt,

77 1037 167 1080 tum
197 1036 395 1091 imprimis
426 1049 471 1079 ex
494 1049 538 1080 eo
569 1038 735 1092 apparet
765 1035 871 1090 quod
901 1047 978 1077 non
1010 1047 1098 1078 raro
1130 1036 1384 1078 enuntiatum
1415 1035 1624 1090 insequens

77 1106 195 1160 plane
226 1119 518 1160 supervacuum
548 1107 720 1156 videtur,
1314 1110 1317 1113 ’

76 1176 219 1228 0.,311.
272 1175 374 1218 ἀλλά
394 1192 462 1233 μοι
493 1174 538 1218 εὖ
578 1174 620 1217 θ’
657 1175 809 1219 ὑπόθευ
838 1178 901 1218 καὶ
931 1175 997 1233 ἅμ’
1028 1175 1225 1234 ἡγεμόν’
1258 1174 1401 1217 ἐσθλὸν
1432 1173 1622 1223 ὄπασσον,

575 1247 631 1295 ὅς
657 1247 699 1288 κέ
723 1262 777 1302 με
806 1245 899 1288 κεῒσ’
929 1247 1113 1303 ἀγάγῃ,

77 1317 330 1359 enuntiatum
373 1317 583 1371 insequens
629 1317 901 1371 explicationis
948 1329 1067 1359 causa
1104 1317 1266 1359 tantum
1295 1317 1406 1358 verbi
1439 1315 1623 1372 ἢγεμγόν’

77 1385 220 1431 ἐσθλόν
250 1387 433 1432 additum
465 1389 549 1442 est,
581 1389 629 1432 ut
660 1387 785 1432 etiam
824 1387 927 1431 illud
957 1387 1096 1432 fusiori
1125 1386 1313 1443 loquendi
1343 1387 1478 1443 generi
1510 1387 1621 1443 epico

77 1459 321 1511 conveniens,
354 1460 489 1501 νόστον
521 1460 578 1507 ὡς
613 1475 655 1501 κε
687 1459 828 1517 νέηται.

194 1529 415 1573 Enuntiata
445 1529 563 1585 hujus
594 1529 749 1585 generis
783 1563 802 1581 „
818 1529 1179 1584 explicativa“
1214 1528 1386 1570 nomino.

191 1599 300 1642 Huic
330 1600 464 1654 generi
495 1601 691 1642 contrarie
737 1599 940 1653 oppositas
987 1611 1071 1641 esse
1116 1598 1390 1652 intellegimus
1437 1600 1620 1641 enuntia-

75 1668 216 1720 tiones,
247 1669 289 1711 in
319 1669 476 1723 quibus,

198 1739 242 1793 2)
284 1740 385 1782 tam
425 1740 573 1781 artus
612 1741 817 1793 protaseos
848 1740 889 1781 et
919 1739 1134 1792 apodoseos
1174 1738 1283 1780 valet
1328 1738 1617 1781 sententiarum

76 1821 292 1851 conexus
323 1809 380 1851 ut
410 1809 739 1852 enuntiatum
769 1809 999 1851 alterum
1029 1808 1202 1850 altero
1231 1807 1436 1862 dempto
1466 1810 1619 1863 plane

74 1879 407 1933 perspicuum
447 1893 541 1923 non
581 1881 671 1932 sit,
704 1893 876 1935 quorum
906 1881 1105 1923 sententia
1135 1881 1250 1934 quasi
1288 1881 1511 1935 composita
1551 1893 1618 1922 ex-

75 1949 195 2000 stitit,
228 1947 322 2003 quia
352 1951 518 1993 alterius
559 1951 601 1992 in
639 1951 805 1993 alterius
847 1951 1130 1994 enuntiationis
1171 1951 1351 1993 membra
1381 1951 1458 1994 nisi
1488 1951 1616 1993 relata

67 2019 244 2073 cogitari
285 2032 363 2062 non
402 2022 581 2074 possunt,
625 2032 794 2074 quorum
834 2020 961 2075 igitur
998 2032 1089 2074 pars
1127 2020 1336 2074 insequens
1367 2033 1444 2062 non
1475 2033 1614 2074 super-

74 2100 248 2131 vacanea
297 2089 478 2141 videtur,
531 2093 588 2138 ut,
629 2091 767 2132 contra
823 2090 998 2132 vidimus
1047 2090 1088 2132 in
1139 2091 1318 2144 exemplo
1375 2103 1496 2143 supra
1546 2090 1618 2132 ad-

75 2158 224 2212 scripto
254 2160 397 2210 0‚311.
552 2164 554 2166 '

192 2228 285 2270 Huc
325 2230 442 2270 erunt
479 2228 704 2271 referendae
741 2241 840 2283 quas
878 2229 1119 2283 temporales
1132 2262 1142 2280 ‚
1183 2228 1484 2285 hypetheticas,
1524 2242 1618 2271 con-

75 2298 274 2341 secutivas
320 2299 361 2341 et
404 2299 711 2353 interrogativas
756 2291 970 2342 indirectas
1014 2300 1264 2354 appellamus
1310 2299 1614 2342 enuntiationes.

74 2368 135 2410 Ea
178 2369 468 2411 sententiarum
512 2368 554 2410 in
601 2370 772 2423 utroque
817 2370 1023 2412 enuntiato
1068 2370 1173 2411 inter
1218 2383 1259 2411 se
1306 2368 1556 2411 cohaerentia
1593 2381 1618 2410 a

75 2438 351 2492 grammaticis
371 2439 599 2493 appellatur
618 2438 904 2495 ‚‚Correlatio“,
915 2443 943 2492 ¹)
961 2451 1054 2495 ergo
1070 2439 1277 2482 enuntiata
1292 2439 1370 2480 huc
1391 2438 1616 2493 spectantia

78 2509 274 2560 „correl
289 2509 451 2550 ativa“
485 2510 697 2552 nominavi.
760 2510 890 2552 Curtii
918 2511 946 2551 1.
980 2522 1013 2551 c.
1047 2509 1391 2552 enuncitationum
1421 2510 1461 2552 in
1498 2522 1617 2551 accu-

74 2577 237 2630 sativas,
284 2579 488 2631 locativas,
535 2579 862 2623 instrumentales
903 2581 944 2623 et
984 2580 1180 2623 ablativas
1212 2578 1456 2632 distributio,
1489 2592 1537 2623 ea
1568 2579 1617 2622 de

76 2661 196 2691 causa
224 2651 273 2691 ut
302 2650 426 2692 etiam
454 2650 539 2704 ipse
568 2650 771 2705 intellegit
810 2663 916 2693 nunc
955 2650 1114 2704 probari
1144 2662 1223 2692 non
1252 2652 1408 2704 potest,
1441 2650 1536 2703 quia
1567 2650 1615 2691 de

196 2801 221 2844 ¹)
248 2799 275 2836 C
284 2810 307 2835 u
317 2802 358 2835 rt
366 2800 379 2835 i
388 2812 411 2835 u
419 2811 435 2835 s
447 2827 454 2843 ,
480 2800 768 2846 Erlfiuterungen
792 2811 826 2844 p.
857 2800 934 2835 190.
