1688 2957
59 231 356 284 intellegendus
374 231 450 282 est,
463 232 509 274 et
518 242 551 286 μ
565 231 665 282 383,
686 233 723 273 el
736 231 784 273 δέ
797 239 867 287 μοι
880 231 930 272 οὐ
940 230 1113 272 τίσουσιν
1137 230 1251 283 βοῦν
1266 227 1419 272 ἐπιεικέ’
1429 228 1611 285 ἀμοιβήν,

138 300 347 357 ,μδύσῳω
374 301 433 350 εἷς
457 298 585 343 Ἀίδαο
614 302 679 343 καὶ
706 301 751 343 ἐν
782 300 955 343 νεκύεσσι
983 298 1196 356 φαείνω.

168 363 311 422 {nescio
356 384 408 414 an
452 383 532 414 non
572 369 732 428 φαείνω
775 381 904 425 praes.
951 369 1032 413 ind.
1075 369 1142 413 sit.
1182 369 1232 412 cf.
1272 369 1456 412 nostum
1507 368 1612 421 „und
1682 389 1686 393 ·

60 441 274 498 leuchte
319 440 397 484 den
440 440 648 491 Todten“;
694 440 765 484 alii
811 439 1110 497 conjunctivum
1165 439 1431 496 intellegunt,
1462 436 1611 491 '„nihil

60 513 209 564 obstat,
256 511 471 567 quominus
515 512 688 574 mortuis
732 512 865 555 lucem
910 511 1102 554 afferam“
1153 510 1247 562 „ich
1283 510 1420 553 kann
1450 510 1496 565 ja
1534 509 1613 564 den

61 582 219 626 Todten
259 573 487 626 leuchten.“
549 581 642 625 Hac
680 575 841 625 notione
871 581 1035 625 obvenit
1064 576 1339 636 conjunctivus
1368 580 1411 623 in
1439 580 1613 623 formula
1682 612 1685 616 .

60 652 129 696 καί
153 652 248 695 ποτέ
284 665 339 701 τις
364 649 515 710 εἴπῃσιν
553 664 711 707 semper
748 652 914 706 excepta
941 651 1073 694 verbis
1113 651 1172 700 ὥς
1204 651 1298 693 ποτέ
1326 665 1381 700 τις
1412 650 1519 707 ἐρέει
1547 650 1612 693 vel

60 721 118 772 ὥς
153 721 336 779 ἐρέουσα
372 722 650 778 conjunctivus
679 720 867 777 designat
895 720 1003 776 quod
1032 721 1081 764 ut
1110 720 1325 776 quisquam
1354 720 1415 763 ita
1443 720 1612 763 fortasse

62 791 172 835 dicat
209 781 400 847 'opinione
444 792 608 835 tantum
637 791 904 847 praecipitur,
936 802 1062 846 quum
1090 803 1184 834 vero
1214 802 1317 845 quae
1349 790 1612 833 credebantur

61 861 185 904 verba
204 861 417 905 enuntiata
431 863 527 904 sunt
557 862 681 904 etiam
710 861 812 904 talia
840 861 1049 916 putantur,
1081 860 1217 915 qualia
1245 856 1405 914 quando
1435 854 1612 914 pronun-

61 931 285 975 tiabuntur.
348 932 429 976 Pro
459 931 518 982 ὧς
551 931 645 974 ποτέ
674 945 729 981 τις
763 931 869 989 ἐρέει
908 931 1127 989 (ἐρέουσιν)
1168 930 1292 974 etiam
1336 929 1611 986 conjunctivus

61 1002 197 1044 locum
226 1003 362 1044 tenere
399 1002 546 1056 possit,
578 1013 656 1044 non
695 1001 823 1056 possit
851 1001 1036 1044 futurum
1065 1012 1138 1055 pro
1169 999 1421 1056 conjunctivo
1452 998 1611 1058 εἴπῃσιν.

166 1156 204 1197 2.
248 1152 640 1210 OonJunctivus
670 1154 720 1196 in
751 1153 1051 1197 enuntiatis
1080 1152 1506 1209 interrogativis.

179 1282 472 1326 Delbrueckius
503 1270 639 1325 emnes
680 1282 1013 1338 interrogationes
1052 1282 1209 1334 divisit,
1249 1284 1297 1325 ut
1325 1282 1451 1337 ipsius
1480 1282 1611 1325 verbis

62 1354 177 1404 utar,
219 1354 261 1395 in
305 1353 787 1407 „Restatigungsfragen“
833 1352 958 1407 (apud
998 1352 1223 1394 Homerum
1267 1352 1479 1395 institutae
1516 1353 1613 1395 sunt

61 1423 262 1477 particula
292 1421 338 1481 ἧ)
370 1423 546 1479 (praeter
568 1422 612 1464 K
626 1422 701 1478 62)
732 1423 774 1465 et
803 1423 844 1465 in
876 1422 1452 1479 „Verdeutlichungsfragen“‚
1484 1439 1509 1476 γ
1540 1423 1608 1472 22,

64 1492 239 1549 Μέντορ,
272 1495 357 1541 πῶς
384 1491 415 1534 τ’
446 1492 499 1550 ἄρ
530 1491 579 1534 ἴω
590 1509 605 1542 ,·
635 1493 713 1535 Sed
733 1493 811 1536 hac
830 1493 1022 1536 divisione
1041 1492 1173 1535 nescio
1193 1506 1245 1535 an
1275 1493 1372 1547 quid
1401 1493 1612 1547 profecerit

61 1564 123 1606 vir
153 1563 220 1606 dd.
281 1563 342 1607 Ut
372 1563 460 1619 jam
500 1576 621 1618 supra
658 1563 811 1616 monui,
857 1562 1188 1620 interrogationes
1229 1576 1307 1606 una
1347 1575 1439 1607 cum
1469 1575 1517 1606 ea
1547 1563 1612 1606 cui

61 1633 348 1675 adscribuntur
383 1633 515 1687 specie
552 1634 867 1678 enuntiatorum,
894 1635 1035 1676 enatae
1065 1635 1183 1684 sunt,
1215 1646 1298 1684 eae,
1329 1645 1431 1686 quae
1460 1646 1485 1674 a
1514 1634 1619 1675 Del--

61 1702 252 1746 brueckio
277 1702 838 1758 „Verdeutlichungsfragen“
872 1703 1131 1758 appellantur
1159 1716 1240 1746 una
1271 1715 1365 1746 cum
1395 1702 1611 1746 enuntiatis

61 1772 277 1828 primariis,
309 1784 421 1827 quae,
446 1772 931 1828 „Bestatigungsfi‘agen“
962 1774 1014 1816 ab
1045 1786 1090 1816 eo
1121 1774 1377 1828 appellantur
1407 1786 1488 1815 una
1518 1786 1611 1816 cum

61 1842 281 1886 enuntiatis
311 1842 560 1892 secundariis
590 1842 851 1897 profluxerint
879 1840 1039 1886 necesse
1070 1844 1143 1886 est.

179 1911 492 1967 Interrogationi
521 1912 627 1954 inest
657 1912 968 1955 adhortatio
999 1925 1092 1955 cum
1124 1914 1253 1955 colore
1291 1913 1465 1967 quodam
1495 1913 1611 1955 dubi-

61 1982 191 2026 tativo
221 1983 264 2025 et
293 1982 576 2034 deliberativo,
608 1995 731 2037 quare
768 1983 1045 2038 conjunctivus
1085 1983 1126 2026 in
1166 1983 1229 2026 his
1270 1982 1611 2026 enuntiationibus

62 2064 183 2108 quem
228 2052 499 2109 subjectivum
548 2052 722 2096 diximus
771 2052 948 2096 usitatus
999 2053 1054 2096 sit
1104 2054 1273 2109 oportet.
1336 2053 1380 2097 Si
1424 2065 1611 2108 personas

62 2124 233 2178 spectas,
255 2122 624 2178 frequentissimam
644 2122 798 2166 videbis
818 2124 852 2166 I.
875 2136 977 2178 pers.
1001 2124 1119 2179 sing,
1148 2124 1229 2167 tria
1248 2125 1411 2167 tantum
1431 2124 1612 2178 exempla

62 2194 221 2236 exstant
266 2205 368 2255 quae
397 2193 473 2236 111.
515 2205 618 2248 pers.
658 2193 760 2248 sing.
800 2193 1014 2248 praebent,
1054 2194 1114 2237 ita
1154 2194 1310 2246 tamen,
1353 2195 1401 2237 ut
1439 2194 1612 2249 primam

61 2274 273 2316 personam
303 2263 498 2317 spectent.
561 2262 745 2306 Secunda
780 2276 949 2318 persona
988 2265 1106 2318 plane
1143 2277 1223 2307 non
1251 2265 1472 2318 reperitur,
1505 2264 1612 2318 quod

62 2331 186 2374 etiam
218 2332 462 2388 conjunctivi
492 2333 584 2375 usui
613 2332 655 2375 in
686 2333 904 2376 enuntiatis
935 2333 1135 2388 primariis
1166 2333 1317 2388 optime
1349 2327 1548 2389 c‘ongruit.

811 2475 866 2516 H.

471 2554 653 2601 futurum
686 2556 725 2601 111
755 2556 967 2602 annuatis
999 2557 1203 2612 wmarus.

179 2684 276 2728 Jam
320 2696 443 2739 supra
488 2686 813 2736 commemoravi,
861 2685 959 2740 quid
1003 2685 1165 2728 intersit
1209 2685 1316 2727 inter
1354 2685 1540 2728 futurum
1570 2686 1612 2729 et

63 2755 385 2809 conjunctivum:
438 2754 729 2810 conjunctivus
754 2755 908 2797 indicat
947 2755 1150 2799 actionem
1180 2755 1401 2798 instantem
1431 2756 1610 2810 tempore

63 2825 213 2876 futuro,
246 2824 432 2867 futurum
460 2824 629 2878 indicat,
661 2825 816 2879 aliquid
835 2825 1059 2880 perfectum
1089 2825 1153 2882 iri.
1203 2823 1379 2868 Consilio
1399 2824 1611 2868 indicando
