1688 2957
844 46 901 91 6.

78 157 274 232 singulis
295 175 539 230 quibusdam
584 176 942 232 conjunctionibus,
989 186 1091 231 quae
1139 176 1195 220 sit
1235 176 1346 220 notio
1373 173 1624 232 primigenia,

76 245 179 290 nihil
208 245 310 290 certi
339 246 511 299 constat,
541 246 626 289 vel
636 245 686 289 de
716 246 889 302 singulis
918 246 1052 290 adhuc
1081 246 1157 290 sub
1181 246 1327 302 judice
1348 246 1410 290 lis
1430 247 1506 290 est.

195 300 293 360 Jam
322 315 387 358 ad
405 326 527 359 usum
556 315 801 372 conjunctivi
838 317 881 360 et
916 316 1046 371 futuri
1087 315 1196 371 apud
1224 316 1449 360 Homerum
1478 315 1637 360 descri—

77 385 256 430 bendum
285 385 582 443 aggrediamur.

828 611 879 655 A.

79 703 418 773 conjunctivus
463 707 512 756 et
551 705 768 757 futurum
815 705 865 757 in
914 704 1320 758 enuntiationibus
1369 704 1627 771 primariis.

445 889 721 947 conjunctivus
752 891 790 936 bt
821 811 1033 937 cinna-ns
1064 845 1270 947 numanus.

205 1019 460 1076 Conjunctivi
482 1017 532 1063 'et
560 1020 689 1063 futuri
718 1020 924 1063 Homerici
953 1021 1104 1063 formae
1134 1021 1239 1064 inter
1269 1021 1486 1075 utrumque
1507 1031 1632 1076 genus

85 1089 424 1141 enuntiationum,
471 1090 690 1145 principale
736 1091 777 1133 et
821 1090 1116 1143 secundarium,
1161 1091 1223 1134 ita
1267 1090 1483 1145 dispositae
1523 1091 1630 1141 sunt,

84 1162 134 1204 ut
161 1171 362 1215 perpauca
391 1159 633 1215 conjunctivi
670 1160 712 1202 in
753 1160 1094 1203 enuntiationibus
1135 1158 1423 1215 principalibus
1454 1160 1634 1215 exempla

86 1230 212 1286 (quod
240 1242 454 1273 numerum
484 1230 649 1285 attinet)
679 1230 762 1273 fere
791 1230 905 1285 paria
935 1230 1017 1274 sint
1047 1231 1237 1285 exemplis
1279 1231 1407 1273 futuri
1421 1231 1477 1272 -in
1508 1243 1633 1273 enun-

85 1300 323 1344 tiationibus
369 1299 697 1356 dependentibus,
760 1301 819 1344 Ex
864 1301 939 1344 hac
984 1301 1333 1357 argumentatione
1377 1314 1427 1344 ne
1469 1300 1560 1356 quis
1599 1300 1634 1343 si

87 1371 324 1422 considerat,
347 1371 557 1430 enuntiata
575 1371 812 1426 principalia
832 1372 943 1426 prius
958 1372 1193 1427 profluxisse
1214 1384 1336 1426 quam
1358 1371 1632 1425 dependentia,

87 1441 137 1484 de
165 1441 295 1496 priore
323 1441 452 1484 futuri
482 1453 604 1495 quam
635 1441 875 1496 conjunctivi
917 1442 1189 1496 conjecturam
1210 1436 1353 1484 'faciat
1391 1440 1556 1496 origine,
1588 1441 1636 1482 ut

87 1524 121 1554 e.
154 1523 193 1567 g.
230 1510 385 1563 „Aken,
417 1511 661 1566 Grundziige
706 1511 776 1554 der
815 1511 942 1554 Lehre
986 1523 1080 1554 vom
1119 1512 1297 1566 Tempus
1336 1511 1418 1554 und
1459 1510 1631 1554 Modus“

89 1581 388 1637 conjunctivum
417 1594 442 1625 a
471 1581 609 1624 futuro
640 1581 904 1624 derivandum
925 1594 1010 1625 esse
1031 1583 1177 1625 censet.
1240 1581 1413 1637 Operam
1441 1582 1483 1625 et
1502 1581 1636 1624 oleum

88 1651 190 1694 mihi
218 1651 438 1706 perdidisse
467 1651 639 1694 videtur.
702 1651 795 1695 Nisi
826 1651 995 1706 denique
1024 1652 1194 1695 fortasse
1225 1653 1314 1694 tota
1343 1652 1442 1694 haec
1462 1652 1511 1693 de
1531 1652 1637 1694 tem-

88 1733 232 1776 porum
274 1722 316 1764 et
356 1720 569 1764 modorum
608 1721 761 1776 origine
802 1721 1040 1776 disceptatio
1078 1721 1305 1765 omittenda
1342 1722 1438 1773 erit,
1473 1721 1561 1777 Jam
1591 1733 1637 1764 ex

88 1791 362 1847 psychologia,
395 1793 444 1834 ut
473 1804 498 1833 a
528 1792 671 1834 ceteris
714 1792 902 1848 recedam
946 1792 1208 1847 argumentis,
1248 1793 1368 1846 huJus
1399 1791 1637 1846 cognitionis

89 1861 249 1916 capitur
298 1861 596 1904 documentum.
673 1861 784 1904 Nam
835 1861 1205 1917 conjunctivus
1257 1874 1369 1903 cum
1419 1860 1638 1903 volendi

89 1943 181 1973 sua
225 1931 436 1973 notione
480 1931 628 1973 aHudit
666 1931 851 1982 tantum,
892 1932 941 1973 ut
980 1931 1040 1974 ita
1079 1931 1234 1981 dicam,
1274 1930 1446 1984 tempori
1484 1930 1636 1981 futuro,

93 2000 191 2056 quid
221 2000 330 2043 certe
359 2001 597 2043 eventurum
627 2000 692 2052 sit,
727 2000 985 2055 significanti.
1438 2029 1480 2047 ir

208 2070 426 2125 Duplicem
456 2070 708 2126 conjunctivo
738 2070 943 2114 notionem
981 2070 1186 2114 inhaerere
1216 2070 1391 2114 dilucide
1421 2070 1639 2114 ostendunt

91 2142 133 2184 et
162 2141 378 2184 hortantur
407 2141 639 2195 negationes
670 2141 922 2197 conjunctivo
953 2141 1107 2193 affixae,
1133 2142 1192 2198 μή
1222 2142 1263 2183 et
1293 2141 1353 2182 οὐ.

210 2211 266 2252 οὐ
295 2212 419 2266 negat
447 2211 519 2262 ita,
551 2213 600 2254 ut
629 2211 802 2254 duarum
822 2211 1143 2254 enuntiationum
1163 2211 1303 2253 eadem
1323 2210 1637 2266 significatione,

93 2293 267 2334 quarum
296 2280 427 2323 altera
457 2281 702 2323 affirmativa
723 2282 797 2331 est,
830 2281 960 2323 altera
980 2293 1073 2322 cum
1094 2280 1142 2322 οὐ
1162 2280 1362 2335 negativa,
1385 2279 1639 2322 enuntiatum

94 2349 160 2393 cui
190 2349 238 2392 οὐ
269 2349 506 2406 adjunctum
537 2351 613 2403 est,
646 2349 1069 2394 contradictorie
1099 2349 1328 2405 oppositum
1359 2349 1413 2392 sit
1432 2349 1639 2427 enuntiato

93 2419 348 2463 affirmativo.

212 2488 361 2533 Contra
384 2491 453 2548 μή
482 2503 561 2534 non
597 2491 676 2534 nisi
715 2491 990 2542 voluntatem,
1024 2471 1235 2533 consilium
1280 2490 1465 2545 spectans
1504 2491 1638 2546 negat,

93 2561 153 2603 ita
183 2561 232 2603 ut
261 2560 482 2602 enuntiatio
513 2574 606 2603 cum
631 2562 690 2619 μή
719 2561 931 2616 negatione
961 2560 1080 2603 alteri
1110 2560 1316 2603 enuntiato
1346 2559 1486 2617 eadem
1516 2559 1640 2621 signi-

93 2630 292 2683 ficatione,
325 2631 396 2674 sed
426 2631 680 2683 affirmativa,
714 2631 975 2674 contrarie
1006 2631 1189 2686 opposita
1209 2631 1276 2674 sit.
1338 2615 1450 2673 Haec
1479 2630 1641 2686 negatio

93 2700 223 2757 igitur
252 2714 332 2744 nou
361 2701 506 2754 solum,
554 2701 707 2756 aliquid
736 2714 815 2745 non
846 2714 943 2754 esse,
990 2701 1154 2754 indicat,
1201 2701 1272 2745 sed
1312 2700 1435 2744 etiam
1475 2700 1640 2756 positivi

97 2772 253 2825 aliquid
284 2772 451 2827 infigere
481 2772 663 2821 videtur3
690 2773 749 2828 μή
779 2787 825 2813 σε
855 2772 1000 2829 κιχείω.
