<?xml version="1.0" encoding="UTF-8"?>
<!DOCTYPE html PUBLIC "-//W3C//DTD XHTML 1.0 Transitional//EN"
    "http://www.w3.org/TR/xhtml1/DTD/xhtml1-transitional.dtd">
<html xmlns="http://www.w3.org/1999/xhtml" xml:lang="en" lang="en">
 <head>
  <title>
</title>
<meta http-equiv="Content-Type" content="text/html;charset=utf-8" />
  <meta name='ocr-system' content='tesseract 3.04.00' />
  <meta name='ocr-capabilities' content='ocr_page ocr_carea ocr_par ocr_line ocrx_word'/>
</head>
<body>
  <div class='ocr_page' id='page_1' title='image "4737824_0017.png"; bbox 0 0 1688 2957; ppageno 0'>
   <div class='ocr_carea' id='block_1_1' title="bbox 853 93 879 135">
    <p class='ocr_par' dir='ltr' id='par_1_1' title="bbox 853 93 879 135">
     <span class='ocr_line' id='line_1_1' title="bbox 853 93 879 135; baseline 0 0"><span class='ocrx_word' id='word_1_1' title='bbox 853 93 879 135; x_wconf 83' lang='lat'>9</span> 
     </span>
    </p>
   </div>
   <div class='ocr_carea' id='block_1_2' title="bbox 720 149 1002 158">
    <p class='ocr_par' dir='ltr' id='par_1_2' title="bbox 720 149 1002 158">
     <span class='ocr_line' id='line_1_2' title="bbox 720 149 1002 158; baseline 0 0"><span class='ocrx_word' id='word_1_2' title='bbox 720 149 1002 158; x_wconf 95' lang='lat' dir='ltr'><strong> </strong></span> 
     </span>
    </p>
   </div>
   <div class='ocr_carea' id='block_1_3' title="bbox 19 220 1636 417">
    <p class='ocr_par' dir='ltr' id='par_1_3' title="bbox 19 220 1636 417">
     <span class='ocr_line' id='line_1_3' title="bbox 19 220 1636 283; baseline -0.001 -17"><span class='ocrx_word' id='word_1_3' title='bbox 19 246 22 249; x_wconf 43' lang='lat'><strong>⁴</strong></span> <span class='ocrx_word' id='word_1_4' title='bbox 116 282 119 283; x_wconf 15' lang='lat'><em>⁷</em></span> <span class='ocrx_word' id='word_1_5' title='bbox 143 274 146 276; x_wconf 15' lang='lat' dir='ltr'>v</span> <span class='ocrx_word' id='word_1_6' title='bbox 207 220 431 277; x_wconf 72' lang='lat' dir='ltr'><strong>Singularis</strong></span> <span class='ocrx_word' id='word_1_7' title='bbox 459 232 553 276; x_wconf 81' lang='lat' dir='ltr'><strong>pars</strong></span> <span class='ocrx_word' id='word_1_8' title='bbox 582 220 835 272; x_wconf 77' lang='lat' dir='ltr'><strong>saei-amenti,</strong></span> <span class='ocrx_word' id='word_1_9' title='bbox 866 232 914 263; x_wconf 87' lang='lat' dir='ltr'><strong>ea</strong></span> <span class='ocrx_word' id='word_1_10' title='bbox 941 232 1037 275; x_wconf 74' lang='lat' dir='ltr'><strong>pare</strong></span> <span class='ocrx_word' id='word_1_11' title='bbox 1057 221 1171 275; x_wconf 79' lang='lat' dir='ltr'><strong>enjus</strong></span> <span class='ocrx_word' id='word_1_12' title='bbox 1199 221 1276 263; x_wconf 84' lang='lat' dir='ltr'><strong>hoe</strong></span> <span class='ocrx_word' id='word_1_13' title='bbox 1305 221 1393 263; x_wconf 83' lang='lat'><strong>1000</strong></span> <span class='ocrx_word' id='word_1_14' title='bbox 1423 221 1636 276; x_wconf 77' lang='lat' dir='ltr'><strong>praecipue</strong></span> 
     </span>
     <span class='ocr_line' id='line_1_4' title="bbox 65 287 1455 350; baseline -0.002 -14"><span class='ocrx_word' id='word_1_15' title='bbox 65 290 69 293; x_wconf 70' lang='grc'>’</span> <span class='ocrx_word' id='word_1_16' title='bbox 90 291 196 336; x_wconf 82' lang='lat' dir='ltr'><strong>ratio</strong></span> <span class='ocrx_word' id='word_1_17' title='bbox 222 291 408 344; x_wconf 81' lang='lat' dir='ltr'><strong>habetur,</strong></span> <span class='ocrx_word' id='word_1_18' title='bbox 434 291 493 350; x_wconf 76' lang='grc' dir='ltr'><strong>μή</strong></span> <span class='ocrx_word' id='word_1_19' title='bbox 522 287 560 332; x_wconf 84' lang='grc' dir='ltr'><strong>·σ’</strong></span> <span class='ocrx_word' id='word_1_20' title='bbox 588 290 767 349; x_wconf 72' lang='grc' dir='ltr'><strong><em>ἀνήνορα</em></strong></span> <span class='ocrx_word' id='word_1_21' title='bbox 796 288 894 349; x_wconf 74' lang='grc' dir='ltr'><strong>θήῃ,</strong></span> <span class='ocrx_word' id='word_1_22' title='bbox 925 290 1177 345; x_wconf 77' lang='lat' dir='ltr'><strong>conjunctivo</strong></span> <span class='ocrx_word' id='word_1_23' title='bbox 1208 290 1455 345; x_wconf 76' lang='lat' dir='ltr'><strong>exprimitur.</strong></span> 
     </span>
     <span class='ocr_line' id='line_1_5' title="bbox 48 360 1635 417; baseline -0.001 -11"><span class='ocrx_word' id='word_1_24' title='bbox 48 366 51 369; x_wconf 82' lang='lat'>&#39;</span> <span class='ocrx_word' id='word_1_25' title='bbox 100 364 103 367; x_wconf 87' lang='grc'><strong>’</strong></span> <span class='ocrx_word' id='word_1_26' title='bbox 208 361 362 406; x_wconf 77' lang='lat' dir='ltr'><strong>Similis</strong></span> <span class='ocrx_word' id='word_1_27' title='bbox 392 360 635 417; x_wconf 77' lang='lat' dir='ltr'><strong>oonJunotivi</strong></span> <span class='ocrx_word' id='word_1_28' title='bbox 664 360 774 404; x_wconf 87' lang='lat' dir='ltr'><strong>notio</strong></span> <span class='ocrx_word' id='word_1_29' title='bbox 803 360 1075 417; x_wconf 79' lang='lat' dir='ltr'><strong>intellegenda</strong></span> <span class='ocrx_word' id='word_1_30' title='bbox 1114 360 1164 403; x_wconf 87' lang='lat' dir='ltr'><strong>iis</strong></span> <span class='ocrx_word' id='word_1_31' title='bbox 1192 361 1235 403; x_wconf 89' lang='lat' dir='ltr'><strong>in</strong></span> <span class='ocrx_word' id='word_1_32' title='bbox 1264 360 1363 404; x_wconf 80' lang='lat' dir='ltr'><strong>locis</strong></span> <span class='ocrx_word' id='word_1_33' title='bbox 1376 393 1386 413; x_wconf 85' lang='grc'><strong>,</strong></span> <span class='ocrx_word' id='word_1_34' title='bbox 1417 360 1459 404; x_wconf 92' lang='lat' dir='ltr'><strong>in</strong></span> <span class='ocrx_word' id='word_1_35' title='bbox 1489 361 1635 416; x_wconf 83' lang='lat' dir='ltr'><strong>quibus</strong></span> 
     </span>
    </p>
   </div>
   <div class='ocr_carea' id='block_1_4' title="bbox 20 429 1688 488">
    <p class='ocr_par' dir='ltr' id='par_1_4' title="bbox 20 429 1688 488">
     <span class='ocr_line' id='line_1_6' title="bbox 20 429 1688 488; baseline -0.001 -13"><span class='ocrx_word' id='word_1_36' title='bbox 20 445 29 448; x_wconf 87' lang='lat'>·</span> <span class='ocrx_word' id='word_1_37' title='bbox 90 429 248 487; x_wconf 79' lang='lat' dir='ltr'><strong>praeter</strong></span> <span class='ocrx_word' id='word_1_38' title='bbox 276 431 519 488; x_wconf 74' lang='lat' dir='ltr'><strong>conjunctivi</strong></span> <span class='ocrx_word' id='word_1_39' title='bbox 547 431 720 474; x_wconf 84' lang='lat' dir='ltr'><strong>formam</strong></span> <span class='ocrx_word' id='word_1_40' title='bbox 764 431 838 482; x_wconf 86' lang='lat' dir='ltr'><strong>aut</strong></span> <span class='ocrx_word' id='word_1_41' title='bbox 875 431 1063 474; x_wconf 88' lang='lat' dir='ltr'><strong>futurum</strong></span> <span class='ocrx_word' id='word_1_42' title='bbox 1099 431 1173 473; x_wconf 91' lang='lat' dir='ltr'><strong>aut</strong></span> <span class='ocrx_word' id='word_1_43' title='bbox 1211 430 1415 485; x_wconf 76' lang='lat' dir='ltr'><strong>optativus</strong></span> <span class='ocrx_word' id='word_1_44' title='bbox 1452 432 1631 481; x_wconf 82' lang='lat' dir='ltr'><strong>exstant;</strong></span> <span class='ocrx_word' id='word_1_45' title='bbox 1677 478 1688 482; x_wconf 46' lang='grc'><strong>,</strong></span> 
     </span>
    </p>
   </div>
   <div class='ocr_carea' id='block_1_5' title="bbox 15 499 1635 1746">
    <p class='ocr_par' dir='ltr' id='par_1_5' title="bbox 91 499 1635 626">
     <span class='ocr_line' id='line_1_7' title="bbox 91 499 1635 557; baseline -0.001 -14"><span class='ocrx_word' id='word_1_46' title='bbox 91 514 186 544; x_wconf 85' lang='lat' dir='ltr'><strong>nam</strong></span> <span class='ocrx_word' id='word_1_47' title='bbox 215 502 253 550; x_wconf 84' lang='lat' dir='ltr'><strong>ei</strong></span> <span class='ocrx_word' id='word_1_48' title='bbox 281 502 494 557; x_wconf 79' lang='lat' dir='ltr'><strong>praecipue</strong></span> <span class='ocrx_word' id='word_1_49' title='bbox 514 501 748 552; x_wconf 81' lang='lat' dir='ltr'><strong>sententiae,</strong></span> <span class='ocrx_word' id='word_1_50' title='bbox 780 512 883 554; x_wconf 84' lang='lat' dir='ltr'><strong>quae</strong></span> <span class='ocrx_word' id='word_1_51' title='bbox 903 500 1152 555; x_wconf 77' lang='lat' dir='ltr'><strong>eonjunctivo</strong></span> <span class='ocrx_word' id='word_1_52' title='bbox 1172 512 1357 554; x_wconf 84' lang='lat' dir='ltr'><strong>expressa</strong></span> <span class='ocrx_word' id='word_1_53' title='bbox 1375 500 1450 552; x_wconf 81' lang='lat' dir='ltr'><strong>est,</strong></span> <span class='ocrx_word' id='word_1_54' title='bbox 1480 499 1635 554; x_wconf 88' lang='lat' dir='ltr'><strong>pondus</strong></span> 
     </span>
     <span class='ocr_line' id='line_1_8' title="bbox 93 568 1525 626; baseline -0.002 -11"><span class='ocrx_word' id='word_1_55' title='bbox 93 583 142 614; x_wconf 78' lang='lat' dir='ltr'><strong>ao</strong></span> <span class='ocrx_word' id='word_1_56' title='bbox 171 571 234 615; x_wconf 84' lang='lat' dir='ltr'><strong>vis</strong></span> <span class='ocrx_word' id='word_1_57' title='bbox 263 570 381 624; x_wconf 83' lang='lat' dir='ltr'><strong>inest,</strong></span> <span class='ocrx_word' id='word_1_58' title='bbox 414 570 498 614; x_wconf 87' lang='lat' dir='ltr'><strong>sive</strong></span> <span class='ocrx_word' id='word_1_59' title='bbox 526 569 581 623; x_wconf 84' lang='lat' dir='ltr'><strong>id,</strong></span> <span class='ocrx_word' id='word_1_60' title='bbox 614 570 722 626; x_wconf 87' lang='lat' dir='ltr'><strong>quod</strong></span> <span class='ocrx_word' id='word_1_61' title='bbox 750 570 931 626; x_wconf 75' lang='lat' dir='ltr'><strong>loquenti</strong></span> <span class='ocrx_word' id='word_1_62' title='bbox 960 568 1298 613; x_wconf 82' lang='lat' dir='ltr'><strong>verisimillimum</strong></span> <span class='ocrx_word' id='word_1_63' title='bbox 1327 568 1525 613; x_wconf 82' lang='lat' dir='ltr'><strong>videatur.</strong></span> 
     </span>
    </p>

    <p class='ocr_par' dir='ltr' id='par_1_6' title="bbox 222 638 1517 699">
     <span class='ocr_line' id='line_1_9' title="bbox 222 638 1517 699; baseline -0.001 -16"><span class='ocrx_word' id='word_1_64' title='bbox 222 641 254 683; x_wconf 82' lang='grc' dir='ltr'><em>Θ</em></span> <span class='ocrx_word' id='word_1_65' title='bbox 284 642 382 691; x_wconf 88' lang='grc'><strong>532,</strong></span> <span class='ocrx_word' id='word_1_66' title='bbox 414 640 578 697; x_wconf 78' lang='grc' dir='ltr'><strong><em>ἐίσομαι,</em></strong></span> <span class='ocrx_word' id='word_1_67' title='bbox 609 639 639 698; x_wconf 81' lang='grc' dir='ltr'><em>ἤ</em></span> <span class='ocrx_word' id='word_1_68' title='bbox 665 640 709 682; x_wconf 81' lang='grc' dir='ltr'><strong>κε’</strong></span> <span class='ocrx_word' id='word_1_69' title='bbox 731 638 776 697; x_wconf 77' lang='grc' dir='ltr'><strong>μ’</strong></span> <span class='ocrx_word' id='word_1_70' title='bbox 801 642 824 681; x_wconf 84' lang='grc' dir='ltr'><strong><em>ὁ</em></strong></span> <span class='ocrx_word' id='word_1_71' title='bbox 864 640 1050 699; x_wconf 79' lang='grc' dir='ltr'><strong><em>Τυδείδης</em></strong></span> <span class='ocrx_word' id='word_1_72' title='bbox 1082 641 1276 697; x_wconf 67' lang='grc' dir='ltr'><strong><em>ιςοατερὸς</em></strong></span> <span class='ocrx_word' id='word_1_73' title='bbox 1315 640 1517 698; x_wconf 75' lang='grc' dir='ltr'><strong><em>Διομήδης.</em></strong></span> 
     </span>
    </p>

    <p class='ocr_par' dir='ltr' id='par_1_7' title="bbox 220 709 1067 769">
     <span class='ocr_line' id='line_1_10' title="bbox 220 709 1067 769; baseline -0.002 -15"><span class='ocrx_word' id='word_1_74' title='bbox 220 744 464 754; x_wconf 89' lang='grc'><strong>.........</strong></span> <span class='ocrx_word' id='word_1_75' title='bbox 488 710 701 761; x_wconf 80' lang='grc' dir='ltr'><strong><em>ἀπώσεται,</em></strong></span> <span class='ocrx_word' id='word_1_76' title='bbox 732 709 759 769; x_wconf 80' lang='grc' dir='ltr'><strong><em>ἦ</em></strong></span> <span class='ocrx_word' id='word_1_77' title='bbox 786 726 851 753; x_wconf 81' lang='grc' dir='ltr'><strong>κεν</strong></span> <span class='ocrx_word' id='word_1_78' title='bbox 882 710 962 765; x_wconf 76' lang='grc' dir='ltr'><strong>ἐγὼ</strong></span> <span class='ocrx_word' id='word_1_79' title='bbox 991 726 1067 752; x_wconf 88' lang='grc' dir='ltr'><strong><em>τον.</em></strong></span> 
     </span>
    </p>

    <p class='ocr_par' dir='ltr' id='par_1_8' title="bbox 218 779 802 838">
     <span class='ocr_line' id='line_1_11' title="bbox 218 779 802 838; baseline -0.002 -15"><span class='ocrx_word' id='word_1_80' title='bbox 218 811 580 823; x_wconf 67' lang='grc'><strong>.............</strong></span> <span class='ocrx_word' id='word_1_81' title='bbox 605 779 802 838; x_wconf 80' lang='grc' dir='ltr'><strong><em>φέρωμαι.</em></strong></span> 
     </span>
    </p>

    <p class='ocr_par' dir='ltr' id='par_1_9' title="bbox 208 849 1375 909">
     <span class='ocr_line' id='line_1_12' title="bbox 208 849 1375 909; baseline 0 -16"><span class='ocrx_word' id='word_1_82' title='bbox 208 849 242 893; x_wconf 89' lang='grc' dir='ltr'><em>Α</em></span> <span class='ocrx_word' id='word_1_83' title='bbox 275 851 374 902; x_wconf 84' lang='grc'><strong>433,</strong></span> <span class='ocrx_word' id='word_1_84' title='bbox 413 851 586 909; x_wconf 78' lang='grc' dir='ltr'><em>σήμερον</em></span> <span class='ocrx_word' id='word_1_85' title='bbox 624 850 808 908; x_wconf 79' lang='grc' dir='ltr'><strong><em>ἢδοιοῒστ</em></strong></span> <span class='ocrx_word' id='word_1_86' title='bbox 837 849 1081 897; x_wconf 74' lang='grc' dir='ltr'><strong><em>ἐπεύξεαι</em></strong></span> <span class='ocrx_word' id='word_1_87' title='bbox 1118 849 1375 908; x_wconf 79' lang='grc' dir='ltr'><strong><em>Ἱππασίδῃσιν</em></strong></span> 
     </span>
    </p>

    <p class='ocr_par' dir='ltr' id='par_1_10' title="bbox 266 918 1491 978">
     <span class='ocr_line' id='line_1_13' title="bbox 266 918 1491 978; baseline -0.001 -15"><span class='ocrx_word' id='word_1_88' title='bbox 266 919 295 978; x_wconf 80' lang='grc' dir='ltr'><strong><em>ἧ</em></strong></span> <span class='ocrx_word' id='word_1_89' title='bbox 322 935 387 963; x_wconf 82' lang='grc' dir='ltr'><strong>κεν</strong></span> <span class='ocrx_word' id='word_1_90' title='bbox 417 920 506 976; x_wconf 76' lang='grc' dir='ltr'><strong>ἐμῷ</strong></span> <span class='ocrx_word' id='word_1_91' title='bbox 533 920 609 962; x_wconf 79' lang='grc' dir='ltr'><strong>ὑπὸ</strong></span> <span class='ocrx_word' id='word_1_92' title='bbox 639 920 756 977; x_wconf 80' lang='grc' dir='ltr'><strong><em>δουρὶ</em></strong></span> <span class='ocrx_word' id='word_1_93' title='bbox 785 921 916 969; x_wconf 78' lang='grc' dir='ltr'><strong><em>τυπεὶς</em></strong></span> <span class='ocrx_word' id='word_1_94' title='bbox 948 920 1028 962; x_wconf 83' lang='grc' dir='ltr'><strong>ἀπὸ</strong></span> <span class='ocrx_word' id='word_1_95' title='bbox 1058 918 1187 976; x_wconf 72' lang='grc' dir='ltr'><strong><em>θυμὸν</em></strong></span> <span class='ocrx_word' id='word_1_96' title='bbox 1216 919 1440 978; x_wconf 78' lang='grc' dir='ltr'><strong><em>ὀλέσσῃς</em></strong></span> <span class='ocrx_word' id='word_1_97' title='bbox 1485 946 1491 950; x_wconf 96' lang='grc'><strong>-</strong></span> 
     </span>
    </p>

    <p class='ocr_par' dir='ltr' id='par_1_11' title="bbox 15 989 1635 1324">
     <span class='ocr_line' id='line_1_14' title="bbox 207 989 1633 1045; baseline -0.001 -12"><span class='ocrx_word' id='word_1_98' title='bbox 207 990 291 1034; x_wconf 87' lang='lat' dir='ltr'><strong>sive</strong></span> <span class='ocrx_word' id='word_1_99' title='bbox 319 989 362 1033; x_wconf 89' lang='lat' dir='ltr'><strong>id</strong></span> <span class='ocrx_word' id='word_1_100' title='bbox 390 989 667 1045; x_wconf 80' lang='lat' dir='ltr'><strong>praedicatur,</strong></span> <span class='ocrx_word' id='word_1_101' title='bbox 700 989 807 1045; x_wconf 91' lang='lat' dir='ltr'><strong>quod</strong></span> <span class='ocrx_word' id='word_1_102' title='bbox 837 989 1088 1033; x_wconf 75' lang='lat' dir='ltr'><strong>antecedenti</strong></span> <span class='ocrx_word' id='word_1_103' title='bbox 1125 989 1297 1033; x_wconf 88' lang='lat' dir='ltr'><strong>maxime</strong></span> <span class='ocrx_word' id='word_1_104' title='bbox 1328 990 1514 1044; x_wconf 76' lang='lat' dir='ltr'><strong>congruit</strong></span> <span class='ocrx_word' id='word_1_105' title='bbox 1543 1002 1633 1033; x_wconf 86' lang='lat' dir='ltr'><strong>een-</strong></span> 
     </span>
     <span class='ocr_line' id='line_1_15' title="bbox 89 1059 1214 1112; baseline -0.001 -10"><span class='ocrx_word' id='word_1_106' title='bbox 89 1059 253 1112; x_wconf 80' lang='lat' dir='ltr'><strong>tentiae,</strong></span> <span class='ocrx_word' id='word_1_107' title='bbox 1209 1090 1214 1094; x_wconf 83' lang='grc'>-</span> 
     </span>
     <span class='ocr_line' id='line_1_16' title="bbox 207 1127 1633 1188; baseline -0.001 -17"><span class='ocrx_word' id='word_1_108' title='bbox 207 1129 235 1171; x_wconf 82' lang='grc' dir='ltr'><em>ὃ</em></span> <span class='ocrx_word' id='word_1_109' title='bbox 264 1130 362 1180; x_wconf 86' lang='grc'><strong>692,</strong></span> <span class='ocrx_word' id='word_1_110' title='bbox 405 1127 520 1172; x_wconf 81' lang='grc' dir='ltr'><strong><em>ἄλλον</em></strong></span> <span class='ocrx_word' id='word_1_111' title='bbox 550 1127 583 1171; x_wconf 78' lang='grc' dir='ltr'><strong>κ’</strong></span> <span class='ocrx_word' id='word_1_112' title='bbox 613 1127 928 1188; x_wconf 70' lang='grc' dir='ltr'><strong><em>ἐχθαίρῃσιν</em></strong></span> <span class='ocrx_word' id='word_1_113' title='bbox 965 1130 1146 1187; x_wconf 81' lang='grc' dir='ltr'><em>βροτῶν,</em></span> <span class='ocrx_word' id='word_1_114' title='bbox 1190 1128 1306 1171; x_wconf 81' lang='grc' dir='ltr'><strong><em>ἄλλον</em></strong></span> <span class='ocrx_word' id='word_1_115' title='bbox 1345 1144 1388 1171; x_wconf 75' lang='grc' dir='ltr'><strong>κε</strong></span> <span class='ocrx_word' id='word_1_116' title='bbox 1429 1129 1633 1187; x_wconf 74' lang='grc' dir='ltr'><strong><em>φιλοίη,</em></strong></span> 
     </span>
     <span class='ocr_line' id='line_1_17' title="bbox 15 1198 1635 1257; baseline 0 -16"><span class='ocrx_word' id='word_1_117' title='bbox 15 1209 29 1213; x_wconf 61' lang='grc'><em>“</em></span> <span class='ocrx_word' id='word_1_118' title='bbox 89 1199 130 1241; x_wconf 92' lang='lat' dir='ltr'><strong>in</strong></span> <span class='ocrx_word' id='word_1_119' title='bbox 160 1198 486 1242; x_wconf 79' lang='lat' dir='ltr'><strong>antecedentibus</strong></span> <span class='ocrx_word' id='word_1_120' title='bbox 515 1199 695 1242; x_wconf 84' lang='lat' dir='ltr'><strong>versibus</strong></span> <span class='ocrx_word' id='word_1_121' title='bbox 725 1198 775 1241; x_wconf 93' lang='lat' dir='ltr'><strong>de</strong></span> <span class='ocrx_word' id='word_1_122' title='bbox 804 1198 973 1246; x_wconf 74' lang='grc' dir='ltr'><strong><em>ἐξαίσιον</em></strong></span> <span class='ocrx_word' id='word_1_123' title='bbox 997 1198 1113 1257; x_wconf 71' lang='grc' dir='ltr'><strong><em>ῥέξαι</em></strong></span> <span class='ocrx_word' id='word_1_124' title='bbox 1142 1199 1206 1240; x_wconf 75' lang='grc' dir='ltr'><strong><em>καὶ</em></strong></span> <span class='ocrx_word' id='word_1_125' title='bbox 1236 1200 1361 1241; x_wconf 77' lang='grc' dir='ltr'><strong><em>εἰπεῖν·</em></strong></span> <span class='ocrx_word' id='word_1_126' title='bbox 1385 1199 1506 1241; x_wconf 86' lang='lat' dir='ltr'><strong>verba</strong></span> <span class='ocrx_word' id='word_1_127' title='bbox 1536 1198 1635 1241; x_wconf 85' lang='lat' dir='ltr'><strong>feeit</strong></span> 
     </span>
     <span class='ocr_line' id='line_1_18' title="bbox 88 1259 1175 1324; baseline -0.002 -12"><span class='ocrx_word' id='word_1_128' title='bbox 88 1269 220 1324; x_wconf 83' lang='lat' dir='ltr'><strong>poeta.</strong></span> <span class='ocrx_word' id='word_1_129' title='bbox 1163 1259 1175 1269; x_wconf 74' lang='grc'>’</span> 
     </span>
    </p>

    <p class='ocr_par' dir='ltr' id='par_1_12' title="bbox 208 1337 1397 1396">
     <span class='ocr_line' id='line_1_19' title="bbox 208 1337 1397 1396; baseline -0.001 -14"><span class='ocrx_word' id='word_1_130' title='bbox 208 1339 237 1388; x_wconf 78' lang='grc' dir='ltr'><em>ζ</em></span> <span class='ocrx_word' id='word_1_131' title='bbox 261 1339 360 1389; x_wconf 87' lang='grc'><strong>286,</strong></span> <span class='ocrx_word' id='word_1_132' title='bbox 391 1340 454 1381; x_wconf 78' lang='grc' dir='ltr'><strong><em>καὶ</em></strong></span> <span class='ocrx_word' id='word_1_133' title='bbox 485 1337 522 1380; x_wconf 80' lang='grc' dir='ltr'><strong>δ’</strong></span> <span class='ocrx_word' id='word_1_134' title='bbox 552 1337 650 1396; x_wconf 77' lang='grc' dir='ltr'><em>ἄλλῃ</em></span> <span class='ocrx_word' id='word_1_135' title='bbox 681 1341 846 1395; x_wconf 81' lang='grc' dir='ltr'><strong>νεμεσῶ,</strong></span> <span class='ocrx_word' id='word_1_136' title='bbox 879 1339 906 1396; x_wconf 79' lang='grc' dir='ltr'><strong><em>ἦ</em></strong></span> <span class='ocrx_word' id='word_1_137' title='bbox 935 1352 988 1387; x_wconf 83' lang='grc' dir='ltr'><strong><em>τις</em></strong></span> <span class='ocrx_word' id='word_1_138' title='bbox 1014 1339 1175 1381; x_wconf 82' lang='grc' dir='ltr'><strong><em>τοιαῦτά</em></strong></span> <span class='ocrx_word' id='word_1_139' title='bbox 1204 1354 1247 1394; x_wconf 79' lang='grc' dir='ltr'><strong>γε</strong></span> <span class='ocrx_word' id='word_1_140' title='bbox 1272 1338 1397 1396; x_wconf 72' lang='grc' dir='ltr'><strong><em>ῥέζοι,</em></strong></span> 
     </span>
    </p>

    <p class='ocr_par' dir='ltr' id='par_1_13' title="bbox 207 1407 749 1466">
     <span class='ocr_line' id='line_1_20' title="bbox 207 1407 749 1466; baseline 0.002 -16"><span class='ocrx_word' id='word_1_141' title='bbox 207 1409 236 1466; x_wconf 76' lang='grc' dir='ltr'><strong><em>ἦ</em></strong></span> <span class='ocrx_word' id='word_1_142' title='bbox 264 1407 297 1450; x_wconf 75' lang='grc' dir='ltr'><strong>τ’</strong></span> <span class='ocrx_word' id='word_1_143' title='bbox 316 1408 449 1466; x_wconf 79' lang='grc' dir='ltr'><strong><em>ἀέκητι</em></strong></span> <span class='ocrx_word' id='word_1_144' title='bbox 478 1408 603 1465; x_wconf 86' lang='grc' dir='ltr'><strong><em>φίλων</em></strong></span> <span class='ocrx_word' id='word_1_145' title='bbox 622 1442 749 1451; x_wconf 89' lang='grc'><strong>.....</strong></span> 
     </span>
    </p>

    <p class='ocr_par' dir='ltr' id='par_1_14' title="bbox 209 1477 716 1537">
     <span class='ocr_line' id='line_1_21' title="bbox 209 1477 716 1537; baseline 0 -17"><span class='ocrx_word' id='word_1_146' title='bbox 209 1477 432 1535; x_wconf 81' lang='grc' dir='ltr'><strong><em>ἄνδρασι</em></strong></span> <span class='ocrx_word' id='word_1_147' title='bbox 455 1478 716 1537; x_wconf 78' lang='grc' dir='ltr'><strong><em>μίσγηται.</em></strong></span> 
     </span>
    </p>

    <p class='ocr_par' dir='ltr' id='par_1_15' title="bbox 210 1545 1203 1598">
     <span class='ocr_line' id='line_1_22' title="bbox 210 1545 1203 1598; baseline 0.002 -9"><span class='ocrx_word' id='word_1_148' title='bbox 210 1545 249 1589; x_wconf 83' lang='grc' dir='ltr'><em>Ω</em></span> <span class='ocrx_word' id='word_1_149' title='bbox 276 1548 374 1598; x_wconf 88' lang='grc'><strong>655,</strong></span> <span class='ocrx_word' id='word_1_150' title='bbox 406 1551 483 1590; x_wconf 85' lang='grc' dir='ltr'><strong>τῶν</strong></span> <span class='ocrx_word' id='word_1_151' title='bbox 513 1546 556 1590; x_wconf 83' lang='grc' dir='ltr'><strong>εἴ</strong></span> <span class='ocrx_word' id='word_1_152' title='bbox 579 1548 634 1598; x_wconf 86' lang='grc' dir='ltr'><strong>τίς</strong></span> <span class='ocrx_word' id='word_1_153' title='bbox 660 1563 706 1591; x_wconf 88' lang='grc' dir='ltr'><strong>σε</strong></span> <span class='ocrx_word' id='word_1_154' title='bbox 741 1547 859 1591; x_wconf 80' lang='grc' dir='ltr'><strong>ἴδοιτο</strong></span> <span class='ocrx_word' id='word_1_155' title='bbox 901 1582 1203 1591; x_wconf 91' lang='grc'><strong>...........</strong></span> 
     </span>
    </p>

    <p class='ocr_par' dir='ltr' id='par_1_16' title="bbox 209 1615 1159 1675">
     <span class='ocr_line' id='line_1_23' title="bbox 209 1615 1159 1675; baseline 0.001 -16"><span class='ocrx_word' id='word_1_156' title='bbox 209 1615 331 1660; x_wconf 78' lang='grc' dir='ltr'><strong><em>αὐτίκ’</em></strong></span> <span class='ocrx_word' id='word_1_157' title='bbox 360 1617 409 1659; x_wconf 81' lang='grc' dir='ltr'><strong>ἂν</strong></span> <span class='ocrx_word' id='word_1_158' title='bbox 439 1617 634 1664; x_wconf 74' lang='grc' dir='ltr'><strong><em>ἐξείποι</em></strong></span> <span class='ocrx_word' id='word_1_159' title='bbox 664 1617 983 1675; x_wconf 77' lang='grc' dir='ltr'><strong><em>Ἀγαμέμνονι</em></strong></span> <span class='ocrx_word' id='word_1_160' title='bbox 1004 1652 1159 1661; x_wconf 89' lang='grc'><strong>......</strong></span> 
     </span>
    </p>

    <p class='ocr_par' dir='ltr' id='par_1_17' title="bbox 207 1686 1185 1746">
     <span class='ocr_line' id='line_1_24' title="bbox 207 1686 1185 1746; baseline 0.002 -18"><span class='ocrx_word' id='word_1_161' title='bbox 207 1686 275 1729; x_wconf 82' lang='grc' dir='ltr'><strong><em>καί</em></strong></span> <span class='ocrx_word' id='word_1_162' title='bbox 299 1702 364 1729; x_wconf 81' lang='grc' dir='ltr'><strong>κεν</strong></span> <span class='ocrx_word' id='word_1_163' title='bbox 394 1688 606 1746; x_wconf 77' lang='grc' dir='ltr'><strong><em>ἀνάβλησις</em></strong></span> <span class='ocrx_word' id='word_1_164' title='bbox 631 1688 762 1738; x_wconf 80' lang='grc' dir='ltr'><strong><em>λύσιος</em></strong></span> <span class='ocrx_word' id='word_1_165' title='bbox 789 1688 938 1746; x_wconf 79' lang='grc' dir='ltr'><strong><em>νέκροιο</em></strong></span> <span class='ocrx_word' id='word_1_166' title='bbox 969 1688 1185 1746; x_wconf 75' lang='grc' dir='ltr'><strong><em>γένηται.</em></strong></span> 
     </span>
    </p>
   </div>
   <div class='ocr_carea' id='block_1_6' title="bbox 557 1838 1167 1898">
    <p class='ocr_par' dir='ltr' id='par_1_18' title="bbox 557 1838 1167 1898">
     <span class='ocr_line' id='line_1_25' title="bbox 557 1838 1167 1898; baseline 0 -16"><span class='ocrx_word' id='word_1_167' title='bbox 557 1838 602 1896; x_wconf 80' lang='lat' dir='ltr'><strong>b)</strong></span> <span class='ocrx_word' id='word_1_168' title='bbox 645 1838 921 1898; x_wconf 75' lang='lat' dir='ltr'><strong>Conjunotivue</strong></span> <span class='ocrx_word' id='word_1_169' title='bbox 951 1841 1167 1898; x_wconf 73' lang='lat' dir='ltr'><strong>objectivue.</strong></span> 
     </span>
    </p>
   </div>
   <div class='ocr_carea' id='block_1_7' title="bbox 91 1967 1635 2591">
    <p class='ocr_par' dir='ltr' id='par_1_19' title="bbox 91 1967 1635 2150">
     <span class='ocr_line' id='line_1_26' title="bbox 206 1967 1635 2023; baseline 0.001 -13"><span class='ocrx_word' id='word_1_170' title='bbox 206 1968 275 2020; x_wconf 86' lang='lat' dir='ltr'><strong>Iis,</strong></span> <span class='ocrx_word' id='word_1_171' title='bbox 307 1980 408 2023; x_wconf 86' lang='lat' dir='ltr'><strong>quae</strong></span> <span class='ocrx_word' id='word_1_172' title='bbox 438 1967 486 2010; x_wconf 84' lang='lat' dir='ltr'><strong>de</strong></span> <span class='ocrx_word' id='word_1_173' title='bbox 516 1968 676 2010; x_wconf 88' lang='lat' dir='ltr'><strong>notione</strong></span> <span class='ocrx_word' id='word_1_174' title='bbox 698 1968 785 2023; x_wconf 85' lang='lat' dir='ltr'><strong>jam</strong></span> <span class='ocrx_word' id='word_1_175' title='bbox 806 1980 926 2023; x_wconf 83' lang='lat' dir='ltr'><strong>supra</strong></span> <span class='ocrx_word' id='word_1_176' title='bbox 947 1968 1114 2011; x_wconf 85' lang='lat' dir='ltr'><strong>disserui</strong></span> <span class='ocrx_word' id='word_1_177' title='bbox 1133 1969 1209 2012; x_wconf 86' lang='lat' dir='ltr'><strong>hoc</strong></span> <span class='ocrx_word' id='word_1_178' title='bbox 1230 1981 1388 2023; x_wconf 83' lang='lat' dir='ltr'><strong>quoque</strong></span> <span class='ocrx_word' id='word_1_179' title='bbox 1407 1969 1635 2012; x_wconf 86' lang='lat' dir='ltr'><strong>addendum</strong></span> 
     </span>
     <span class='ocr_line' id='line_1_27' title="bbox 92 2036 1634 2102; baseline 0 -21"><span class='ocrx_word' id='word_1_180' title='bbox 92 2039 165 2089; x_wconf 81' lang='lat' dir='ltr'><strong>est,</strong></span> <span class='ocrx_word' id='word_1_181' title='bbox 197 2037 305 2092; x_wconf 90' lang='lat' dir='ltr'><strong>quod</strong></span> <span class='ocrx_word' id='word_1_182' title='bbox 334 2037 412 2079; x_wconf 85' lang='lat' dir='ltr'><strong>hac</strong></span> <span class='ocrx_word' id='word_1_183' title='bbox 440 2036 600 2079; x_wconf 89' lang='lat' dir='ltr'><strong>notione</strong></span> <span class='ocrx_word' id='word_1_184' title='bbox 631 2038 906 2102; x_wconf 68' lang='lat' dir='ltr'><strong>conjunctivus</strong></span> <span class='ocrx_word' id='word_1_185' title='bbox 936 2038 1073 2081; x_wconf 87' lang='lat' dir='ltr'><strong>nostro</strong></span> <span class='ocrx_word' id='word_1_186' title='bbox 1097 2038 1303 2090; x_wconf 63' lang='lat' dir='ltr'><strong>„konneffl</strong></span> <span class='ocrx_word' id='word_1_187' title='bbox 1327 2038 1491 2092; x_wconf 86' lang='lat' dir='ltr'><strong>propius</strong></span> <span class='ocrx_word' id='word_1_188' title='bbox 1521 2049 1634 2081; x_wconf 80' lang='lat' dir='ltr'><strong>acoe-</strong></span> 
     </span>
     <span class='ocr_line' id='line_1_28' title="bbox 91 2107 512 2150; baseline -0.002 0"><span class='ocrx_word' id='word_1_189' title='bbox 91 2107 183 2150; x_wconf 89' lang='lat' dir='ltr'><strong>dere</strong></span> <span class='ocrx_word' id='word_1_190' title='bbox 211 2107 313 2150; x_wconf 90' lang='lat' dir='ltr'><strong>mihi</strong></span> <span class='ocrx_word' id='word_1_191' title='bbox 341 2107 512 2150; x_wconf 89' lang='lat' dir='ltr'><strong>videtur.</strong></span> 
     </span>
    </p>

    <p class='ocr_par' dir='ltr' id='par_1_20' title="bbox 216 2175 1383 2237">
     <span class='ocr_line' id='line_1_29' title="bbox 216 2175 1383 2237; baseline 0.001 -19"><span class='ocrx_word' id='word_1_192' title='bbox 216 2177 299 2219; x_wconf 74' lang='grc' dir='ltr'><strong>Οὐκ</strong></span> <span class='ocrx_word' id='word_1_193' title='bbox 321 2175 410 2220; x_wconf 73' lang='grc' dir='ltr'><strong><em>ἐσθ’</em></strong></span> <span class='ocrx_word' id='word_1_194' title='bbox 439 2176 553 2227; x_wconf 81' lang='grc' dir='ltr'><strong><em>οὗτος</em></strong></span> <span class='ocrx_word' id='word_1_195' title='bbox 579 2177 681 2234; x_wconf 78' lang='grc' dir='ltr'><strong><em>ἀνὴρ</em></strong></span> <span class='ocrx_word' id='word_1_196' title='bbox 712 2175 799 2219; x_wconf 78' lang='grc' dir='ltr'><strong><em>οὐδ’</em></strong></span> <span class='ocrx_word' id='word_1_197' title='bbox 827 2176 982 2219; x_wconf 81' lang='grc' dir='ltr'><strong><em>ἔσσεται</em></strong></span> <span class='ocrx_word' id='word_1_198' title='bbox 1012 2177 1137 2237; x_wconf 78' lang='grc' dir='ltr'><em>οὐδὲ</em></span> <span class='ocrx_word' id='word_1_199' title='bbox 1168 2178 1383 2235; x_wconf 80' lang='grc' dir='ltr'><strong><em>γένηται.</em></strong></span> 
     </span>
    </p>

    <p class='ocr_par' dir='ltr' id='par_1_21' title="bbox 91 2246 1633 2372">
     <span class='ocr_line' id='line_1_30' title="bbox 207 2246 1633 2302; baseline 0.001 -13"><span class='ocrx_word' id='word_1_200' title='bbox 207 2247 343 2290; x_wconf 86' lang='lat' dir='ltr'><strong>Plaut.</strong></span> <span class='ocrx_word' id='word_1_201' title='bbox 375 2247 485 2289; x_wconf 82' lang='lat' dir='ltr'><strong>Trin.</strong></span> <span class='ocrx_word' id='word_1_202' title='bbox 520 2248 559 2299; x_wconf 88' lang='grc'><strong>5,</strong></span> <span class='ocrx_word' id='word_1_203' title='bbox 593 2249 632 2299; x_wconf 81' lang='grc'><strong>2,</strong></span> <span class='ocrx_word' id='word_1_204' title='bbox 666 2250 705 2299; x_wconf 89' lang='grc'><strong>1,</strong></span> <span class='ocrx_word' id='word_1_205' title='bbox 747 2247 889 2301; x_wconf 87' lang='lat' dir='ltr'><strong>Neque</strong></span> <span class='ocrx_word' id='word_1_206' title='bbox 917 2246 1018 2299; x_wconf 90' lang='lat' dir='ltr'><strong>fuit,</strong></span> <span class='ocrx_word' id='word_1_207' title='bbox 1060 2259 1188 2301; x_wconf 87' lang='lat' dir='ltr'><strong>neque</strong></span> <span class='ocrx_word' id='word_1_208' title='bbox 1218 2247 1294 2290; x_wconf 85' lang='lat' dir='ltr'><strong>erit</strong></span> <span class='ocrx_word' id='word_1_209' title='bbox 1323 2260 1488 2302; x_wconf 89' lang='lat' dir='ltr'><strong>neque</strong></span> <span class='ocrx_word' id='word_1_210' title='bbox 1519 2260 1633 2290; x_wconf 84' lang='lat' dir='ltr'><strong>esse</strong></span> 
     </span>
     <span class='ocr_line' id='line_1_31' title="bbox 91 2316 1047 2372; baseline -0.001 -12"><span class='ocrx_word' id='word_1_211' title='bbox 91 2329 309 2372; x_wconf 78' lang='lat' dir='ltr'><strong>usquam</strong></span> <span class='ocrx_word' id='word_1_212' title='bbox 338 2317 542 2360; x_wconf 86' lang='lat' dir='ltr'><strong>hominem</strong></span> <span class='ocrx_word' id='word_1_213' title='bbox 571 2317 771 2360; x_wconf 85' lang='lat' dir='ltr'><strong>terrarum</strong></span> <span class='ocrx_word' id='word_1_214' title='bbox 802 2316 1047 2360; x_wconf 85' lang='lat' dir='ltr'><strong>arbitror.</strong></span> 
     </span>
    </p>

    <p class='ocr_par' dir='ltr' id='par_1_22' title="bbox 91 2386 1630 2514">
     <span class='ocr_line' id='line_1_32' title="bbox 207 2386 1630 2443; baseline -0.001 -13"><span class='ocrx_word' id='word_1_215' title='bbox 207 2388 420 2430; x_wconf 85' lang='lat' dir='ltr'><strong>Praeterea</strong></span> <span class='ocrx_word' id='word_1_216' title='bbox 464 2399 569 2430; x_wconf 84' lang='lat' dir='ltr'><strong>nune</strong></span> <span class='ocrx_word' id='word_1_217' title='bbox 614 2387 791 2442; x_wconf 87' lang='lat' dir='ltr'><strong>primum</strong></span> <span class='ocrx_word' id='word_1_218' title='bbox 833 2387 1053 2441; x_wconf 84' lang='lat' dir='ltr'><strong>particulas</strong></span> <span class='ocrx_word' id='word_1_219' title='bbox 1093 2386 1199 2443; x_wconf 78' lang='grc' dir='ltr'><strong><em>κέ(ν)</em></strong></span> <span class='ocrx_word' id='word_1_220' title='bbox 1240 2389 1282 2430; x_wconf 90' lang='lat' dir='ltr'><strong>et</strong></span> <span class='ocrx_word' id='word_1_221' title='bbox 1312 2388 1360 2429; x_wconf 86' lang='grc' dir='ltr'><strong>ἄν</strong></span> <span class='ocrx_word' id='word_1_222' title='bbox 1400 2388 1630 2430; x_wconf 82' lang='lat' dir='ltr'><strong>adstructas</strong></span> 
     </span>
     <span class='ocr_line' id='line_1_33' title="bbox 91 2456 1283 2514; baseline 0 -14"><span class='ocrx_word' id='word_1_223' title='bbox 91 2457 285 2514; x_wconf 82' lang='lat' dir='ltr'><strong>videmus,</strong></span> <span class='ocrx_word' id='word_1_224' title='bbox 317 2456 424 2514; x_wconf 83' lang='grc' dir='ltr'><strong><em>κέ(ν&gt;</em></strong></span> <span class='ocrx_word' id='word_1_225' title='bbox 454 2469 547 2500; x_wconf 86' lang='lat' dir='ltr'><strong>vero</strong></span> <span class='ocrx_word' id='word_1_226' title='bbox 577 2457 619 2499; x_wconf 91' lang='lat' dir='ltr'><strong>in</strong></span> <span class='ocrx_word' id='word_1_227' title='bbox 648 2456 831 2512; x_wconf 86' lang='lat' dir='ltr'><strong>positivis</strong></span> <span class='ocrx_word' id='word_1_228' title='bbox 860 2457 1022 2500; x_wconf 86' lang='lat' dir='ltr'><strong>tantum</strong></span> <span class='ocrx_word' id='word_1_229' title='bbox 1052 2457 1283 2500; x_wconf 83' lang='lat' dir='ltr'><strong>enuntiatis.</strong></span> 
     </span>
    </p>

    <p class='ocr_par' dir='ltr' id='par_1_23' title="bbox 212 2525 1628 2591">
     <span class='ocr_line' id='line_1_34' title="bbox 212 2525 1628 2591; baseline 0.001 -21"><span class='ocrx_word' id='word_1_230' title='bbox 212 2526 252 2569; x_wconf 85' lang='grc' dir='ltr'><em>Ξ</em></span> <span class='ocrx_word' id='word_1_231' title='bbox 275 2528 374 2578; x_wconf 86' lang='grc'><strong>484,</strong></span> <span class='ocrx_word' id='word_1_232' title='bbox 406 2530 469 2584; x_wconf 74' lang='grc' dir='ltr'><strong>τῷ</strong></span> <span class='ocrx_word' id='word_1_233' title='bbox 495 2528 561 2570; x_wconf 83' lang='grc' dir='ltr'><strong><em>καί</em></strong></span> <span class='ocrx_word' id='word_1_234' title='bbox 587 2527 631 2570; x_wconf 76' lang='grc' dir='ltr'><strong>κέ</strong></span> <span class='ocrx_word' id='word_1_235' title='bbox 660 2542 714 2591; x_wconf 78' lang='grc' dir='ltr'><strong><em>τις</em></strong></span> <span class='ocrx_word' id='word_1_236' title='bbox 739 2525 897 2586; x_wconf 81' lang='grc' dir='ltr'><strong><em>εὔχεται</em></strong></span> <span class='ocrx_word' id='word_1_237' title='bbox 935 2540 1014 2570; x_wconf 89' lang='lat' dir='ltr'><strong>non</strong></span> <span class='ocrx_word' id='word_1_238' title='bbox 1052 2540 1146 2570; x_wconf 80' lang='lat' dir='ltr'><strong>cum</strong></span> <span class='ocrx_word' id='word_1_239' title='bbox 1183 2528 1413 2570; x_wconf 79' lang='lat' dir='ltr'><strong>Hermanno</strong></span> <span class='ocrx_word' id='word_1_240' title='bbox 1444 2528 1493 2571; x_wconf 87' lang='lat' dir='ltr'><strong>de</strong></span> <span class='ocrx_word' id='word_1_241' title='bbox 1523 2530 1628 2583; x_wconf 79' lang='lat' dir='ltr'><strong>part.</strong></span> 
     </span>
    </p>
   </div>
   <div class='ocr_carea' id='block_1_8' title="bbox 13 2595 1631 2656">
    <p class='ocr_par' dir='ltr' id='par_1_24' title="bbox 13 2595 1631 2656">
     <span class='ocr_line' id='line_1_35' title="bbox 13 2595 1631 2656; baseline 0 -16"><span class='ocrx_word' id='word_1_242' title='bbox 13 2610 20 2617; x_wconf 85' lang='lat'><em>·</em></span> <span class='ocrx_word' id='word_1_243' title='bbox 93 2597 141 2640; x_wconf 86' lang='grc' dir='ltr'><strong>ἄν</strong></span> <span class='ocrx_word' id='word_1_244' title='bbox 170 2610 209 2652; x_wconf 87' lang='lat' dir='ltr'><strong>p.</strong></span> <span class='ocrx_word' id='word_1_245' title='bbox 243 2598 312 2640; x_wconf 82' lang='grc'><strong>46.</strong></span> <span class='ocrx_word' id='word_1_246' title='bbox 373 2597 418 2640; x_wconf 81' lang='grc' dir='ltr'><strong>κέ</strong></span> <span class='ocrx_word' id='word_1_247' title='bbox 445 2598 488 2640; x_wconf 91' lang='lat' dir='ltr'><strong>in</strong></span> <span class='ocrx_word' id='word_1_248' title='bbox 518 2598 560 2640; x_wconf 83' lang='grc' dir='ltr'><strong>τέ</strong></span> <span class='ocrx_word' id='word_1_249' title='bbox 598 2597 931 2653; x_wconf 78' lang='lat' dir='ltr'><strong>permutandum,</strong></span> <span class='ocrx_word' id='word_1_250' title='bbox 964 2598 1058 2653; x_wconf 87' lang='lat' dir='ltr'><strong>quia</strong></span> <span class='ocrx_word' id='word_1_251' title='bbox 1094 2597 1194 2640; x_wconf 90' lang='lat' dir='ltr'><strong>nihil</strong></span> <span class='ocrx_word' id='word_1_252' title='bbox 1232 2598 1297 2642; x_wconf 87' lang='lat' dir='ltr'><strong>est</strong></span> <span class='ocrx_word' id='word_1_253' title='bbox 1336 2597 1443 2653; x_wconf 88' lang='lat' dir='ltr'><strong>quod</strong></span> <span class='ocrx_word' id='word_1_254' title='bbox 1474 2595 1631 2656; x_wconf 75' lang='grc' dir='ltr'><strong><em>εὔχεται</em></strong></span> 
     </span>
    </p>
   </div>
   <div class='ocr_carea' id='block_1_9' title="bbox 91 2667 1634 2864">
    <p class='ocr_par' dir='ltr' id='par_1_25' title="bbox 91 2667 1634 2864">
     <span class='ocr_line' id='line_1_36' title="bbox 91 2667 1633 2733; baseline 0 -22"><span class='ocrx_word' id='word_1_255' title='bbox 91 2681 163 2723; x_wconf 85' lang='lat' dir='ltr'><strong>pro</strong></span> <span class='ocrx_word' id='word_1_256' title='bbox 201 2668 449 2733; x_wconf 79' lang='lat' dir='ltr'><strong>conjunctivo</strong></span> <span class='ocrx_word' id='word_1_257' title='bbox 488 2668 719 2724; x_wconf 83' lang='lat' dir='ltr'><strong>(objectivo)</strong></span> <span class='ocrx_word' id='word_1_258' title='bbox 755 2668 894 2711; x_wconf 85' lang='lat' dir='ltr'><strong>haberi</strong></span> <span class='ocrx_word' id='word_1_259' title='bbox 937 2669 1066 2719; x_wconf 81' lang='lat' dir='ltr'><strong>vetet,</strong></span> <span class='ocrx_word' id='word_1_260' title='bbox 1113 2667 1378 2712; x_wconf 84' lang='lat' dir='ltr'><strong>indicativum</strong></span> <span class='ocrx_word' id='word_1_261' title='bbox 1421 2668 1633 2723; x_wconf 86' lang='lat' dir='ltr'><strong>quominus</strong></span> 
     </span>
     <span class='ocr_line' id='line_1_37' title="bbox 92 2737 1634 2795; baseline -0.001 -14"><span class='ocrx_word' id='word_1_262' title='bbox 92 2737 375 2794; x_wconf 83' lang='lat' dir='ltr'><strong>intellegamus</strong></span> <span class='ocrx_word' id='word_1_263' title='bbox 415 2739 552 2782; x_wconf 84' lang='lat' dir='ltr'><strong>obstat</strong></span> <span class='ocrx_word' id='word_1_264' title='bbox 586 2739 787 2793; x_wconf 80' lang='lat' dir='ltr'><strong>particula</strong></span> <span class='ocrx_word' id='word_1_265' title='bbox 816 2737 880 2781; x_wconf 77' lang='grc' dir='ltr'><strong>κέν</strong></span> <span class='ocrx_word' id='word_1_266' title='bbox 910 2737 978 2794; x_wconf 86' lang='lat' dir='ltr'><strong>(of.</strong></span> <span class='ocrx_word' id='word_1_267' title='bbox 1012 2737 1076 2794; x_wconf 83' lang='lat' dir='ltr'><strong>O.)</strong></span> <span class='ocrx_word' id='word_1_268' title='bbox 1122 2738 1257 2781; x_wconf 83' lang='lat' dir='ltr'><strong>Etiam</strong></span> <span class='ocrx_word' id='word_1_269' title='bbox 1283 2755 1313 2795; x_wconf 81' lang='grc' dir='ltr'>ρ</span> <span class='ocrx_word' id='word_1_270' title='bbox 1345 2739 1443 2789; x_wconf 83' lang='lat'>418,</span> <span class='ocrx_word' id='word_1_271' title='bbox 1477 2738 1556 2792; x_wconf 78' lang='grc' dir='ltr'><strong>ἐγὼ</strong></span> <span class='ocrx_word' id='word_1_272' title='bbox 1586 2737 1634 2780; x_wconf 75' lang='grc' dir='ltr'><strong>δέ</strong></span> 
     </span>
     <span class='ocr_line' id='line_1_38' title="bbox 93 2808 1632 2864; baseline 0 -13"><span class='ocrx_word' id='word_1_273' title='bbox 93 2808 136 2851; x_wconf 77' lang='grc' dir='ltr'><strong>κέ</strong></span> <span class='ocrx_word' id='word_1_274' title='bbox 165 2822 212 2851; x_wconf 85' lang='grc' dir='ltr'><strong>σε</strong></span> <span class='ocrx_word' id='word_1_275' title='bbox 241 2808 355 2850; x_wconf 80' lang='grc' dir='ltr'><strong><em>κλείω</em></strong></span> <span class='ocrx_word' id='word_1_276' title='bbox 386 2808 434 2851; x_wconf 93' lang='lat' dir='ltr'><strong>de</strong></span> <span class='ocrx_word' id='word_1_277' title='bbox 465 2809 595 2852; x_wconf 81' lang='lat' dir='ltr'><strong>causis</strong></span> <span class='ocrx_word' id='word_1_278' title='bbox 626 2809 730 2852; x_wconf 83' lang='lat' dir='ltr'><strong>infra</strong></span> <span class='ocrx_word' id='word_1_279' title='bbox 759 2808 946 2862; x_wconf 83' lang='lat' dir='ltr'><strong>expositis</strong></span> <span class='ocrx_word' id='word_1_280' title='bbox 979 2808 1268 2864; x_wconf 74' lang='lat' dir='ltr'><strong>conjunctivus,</strong></span> <span class='ocrx_word' id='word_1_281' title='bbox 1298 2820 1375 2851; x_wconf 92' lang='lat' dir='ltr'><strong>non</strong></span> <span class='ocrx_word' id='word_1_282' title='bbox 1391 2808 1632 2851; x_wconf 81' lang='lat' dir='ltr'><strong>indicativus</strong></span> 
     </span>
    </p>
   </div>
  </div>
 </body>
</html>
