1688 2957
822 38 1041 131 30³²:

80 199 127 243 A*
143 201 244 253 353,
275 198 490 260 ὄψεαι,ῄῆν
518 198 739 260 ἐθέλῃσθα
767 202 832 244 καὶ
860 199 903 245 εἴ
925 200 992 244 κέν
1020 212 1079 243 τοι
1106 200 1156 243 τὰ
1179 199 1347 258 μεμήλῃ.

82 273 122 314 Ν
140 272 249 322 2884
277 269 322 313 εἴ
343 286 422 328 περ
451 272 529 328 γάρ
550 286 603 314 πε
627 272 740 326 βλεῖο
770 271 1010 321 πονεύαενος
1035 272 1084 329 ἠὲ
1115 269 1284 328 τυπείης,

251 341 325 384 οὐκ
351 341 409 385 ἂν
431 341 477 384 ἐν
505 341 639 404 αὐχέν’
671 340 814 385 ὄπισθε
843 342 954 385 πέσοι
979 341 1109 398 βέλος
1127 336 1214 384 οὐδ’
1246 340 1304 383 ἐνὶ
1333 341 1464 397 νώτῳ,

252 412 364 454 ἀλλά-
382 426 447 454 κεν
478 411 503 470 ἢ
534 413 709 469 στέρνων
738 412 765 470 ἢ
793 413 938 469 νήδυος
963 412 1190 455 ἀντιάσειεν.

145 483 247 535 321,
277 482 396 541 ἀνδρὶ
425 482 472 526 δέ
501 483 532 525 κ’
563 481 636 526 οὐκ
663 480 778 531 εἴξειε
803 482 977 540 μέγας..
997 517 1006 526 .
1026 516 1036 526 .
1062 480 1168 534 Αἴας,

264 586 1158 597 ...............................

257 625 342 666 οὐδ’
374 625 424 666 ἄν
453 625 610 682 Ἀχιλλῆι
620 656 868 667 .........
871 625 1111 682 χωρήσειεν.

77 693 118 737 Ξ
142 696 243 746 244,
274 694 391 738 ἄλλον
415 694 491 753 μέν
521 710 586 738 κεν
616 693 742 751 ἔγωγε
752 727 1148 739 ..............

112 758 192 801 X‘N
246 767 343 822 ῥεῖα
372 766 659 823 κατευνήσαςιιι,
690 767 754 808 καὶ
784 766 833 807 ἂν
863 767 1050 822 ποτοζαοιο
1075 764 1248 822 ῥέεθρα.

83 836 116 877 Τ
140 838 241 886 271,
272 835 345 878 οὐκ
372 836 421 890 ἂν
451 837 504 894 δή
534 852 628 879 ποτε
659 835 789 893 θυμὸν
799 868 1105 879 ...........

252 906 445 965 Ἀτρείδης
471 905 592 964 ὤρινε
622 906 846 964 διαμπερές,
876 905 975 948 οὐδέ
1003 921 1047 948 κε
1077 904 1223 964 κούρην

252 976 346 1035 ἦγεν
376 978 471 1034 ἐμεῦ
502 977 693 1026 ἀέκοντος.

69 1047 103 1102 β
130 1049 203 1098 76,
234 1045 277 1089 εἴ
293 1047 337 1105 χ’
369 1047 480 1104 ὑμεῖς
506 1063 551 1102 γε
581 1048 757 1104 φάγοιτε,
788 1046 874 1104 τάχ’
906 1045 955 1089 ἄν
985 1061 1080 1089 ποτε
1109 1048 1173 1089 καὶ
1202 1046 1296 1095 τίσις
1321 1045 1395 1104 εἴη.

188 1117 491 1160 Particularum
535 1129 656 1161 usum
701 1129 793 1160 vero
833 1129 912 1159 non
952 1116 995 1159 in
1035 1129 1163 1160 unum
1191 1116 1377 1171 idemque
1407 1128 1624 1171 congruere

64 1189 153 1243 jam
182 1200 229 1230 eo
260 1188 367 1242 quod
396 1188 525 1231 altera
545 1188 664 1231 alteri
685 1188 875 1243 adjuncta
894 1187 1091 1242 reperitur
1109 1188 1150 1230 in
1182 1188 1322 1230 eadem
1352 1187 1624 1229 enuntiatione

70 1257 329 1315 perspicuum
359 1258 434 1302 est.

71 1328 106 1369 Δ
138 1330 240 1378 202,
270 1325 371 1385 ὄφρ’
403 1328 453 1370 ἄν
475 1328 553 1384 μέν
572 1343 638 1370 κεν
658 1329 763 1386 ὁρᾷς
789 1329 1059 1384 Ἀγαμέμνονα,

69 1414 92 1441 ε
122 1400 223 1449 361,
256 1397 351 1458 ὄφρ’
382 1398 432 1442 ἄν
455 1399 532 1455 μέν
561 1413 626 1441 κεν
656 1398 819 1455 δούρατ’
850 1398 893 1440 ἐν
923 1397 1148 1456 ἁρμονίῃσιν
1177 1399 1326 1456 ἀρήρῃ,

72 1469 102 1517 ζ
122 1469 227 1519 259,
257 1466 357 1526 ὄφρ’
389 1468 439 1511 ἂν
463 1468 539 1525 μέν
568 1469 599 1510 κ’
630 1468 779 1525 ἀγροὺς
806 1465 913 1524 ἴομεν
943 1469 1008 1509 καὶ
1037 1466 1123 1525 ἔργ’
1151 1466 1391 1525 ἀνθρώπων.

188 1549 301 1604 Quae
346 1550 396 1594 de
441 1551 736 1606 particularum
766 1550 814 1592 ἄν
852 1551 894 1593 et
933 1565 998 1593 κεν
1038 1539 1191 1606 origine
1235 1549 1331 1593 viris
1377 1550 1621 1593 doctissimis

69 1620 278 1676 disputata
322 1621 440 1674 sunt,
492 1622 630 1665 tamen
675 1633 753 1664 non
801 1620 861 1664 ita
906 1622 955 1664 ut
999 1620 1107 1664 omni
1158 1621 1321 1664 careant
1369 1620 1622 1664 dubitatione

68 1691 282 1746 explanata
297 1692 404 1734 sunt.
465 1690 552 1734 Alii
582 1691 701 1743 enim,
733 1690 773 1733 in
802 1691 852 1733 iis
872 1690 1141 1742 Hermannus,
1173 1690 1437 1746 gravissimus
1467 1691 1621 1741 auctor,

67 1760 296 1811 Dammius,
326 1760 419 1803 illas
443 1773 561 1803 voces
582 1761 760 1804 diversae
780 1760 959 1816 originis,
990 1761 1062 1803 alii
1082 1761 1260 1816 ejusdem
1275 1773 1361 1803 esse
1376 1761 1619 1813 existimant,

67 1830 109 1872 in
138 1829 189 1892 iis
219 1830 397 1883 Bestius
430 1828 501 1884 qui
539 1830 694 1885 primus
731 1842 821 1873 eam
864 1830 914 1873 de
944 1830 1149 1873 communi
1178 1829 1470 1885 particularum
1501 1830 1550 1873 ἄν
1579 1831 1622 1873 et

66 1900 131 1942 κέν
161 1899 316 1954 origine
357 1899 492 1948 movit⁴
526 1901 832 1954 ‘quaestionem3
879 1900 1140 1943 artificiosam
1184 1900 1289 1942 hane
1333 1900 1621 1943 derivationem

67 1969 148 2012 huc
177 1969 322 2012 referre
352 1967 640 2025 supersedebo,⁴
683 1981 810 2025 quum
850 1969 952 2013 nihil
982 1969 1124 2014 afferat
1153 1970 1360 2013 momenti.
1422 1969 1623 2026 Equidem·

65 2040 201 2083 omnia
231 2053 335 2095 quae
364 2041 524 2083 exstant
555 2053 648 2083 cum
677 2041 815 2083 futuro
837 2042 880 2083 et
900 2040 1150 2095 conjunctivo
1181 2040 1380 2095 adJunctis
1410 2041 1620 2094 particulis

65 2109 115 2153 ἄν
145 2111 188 2154 et
216 2109 282 2153 κέν
312 2110 494 2166 exempla
522 2110 740 2154 Homerica
776 2110 819 2154 in
859 2110 1027 2154 eandem
1065 2123 1146 2166 qua
1182 2109 1225 2153 in
1265 2109 1621 2154 dissertatiuncula

65 2181 153 2242 hac·
169 2193 269 2223 usus
298 2174 390 2223 sum
420 2181 724 2235 dispositionem
741 2181 922 2234 congessi
951 2181 1202 2234 singulisque
1226 2182 1411 2234 partibus
1441 2181 1620 2233 quoties-

67 2253 227 2305 cunque
255 2244 516 2306 reperiantur·
538 2247 587 2293 ἄν
605 2249 672 2294 vel
692 2248 757 2293 κέν
786 2248 1010 2306 particulae
1040 2248 1247 2306 adscripsi,
1279 2249 1314 2294 si
1345 2248 1421 2294 hac
1450 2247 1622 2294 fortasse

66 2321 221 2363 ratione
242 2321 343 2363 certi
364 2321 587 2374 quidquam
607 2321 708 2362 mihi
727 2321 982 2363 redundaret.
1005 2322 1033 2364 J
1035 2321 1175 2363 uvabit
1194 2322 1298 2363 hanc
1318 2321 1619 2374 dispositionem

10 2401 13 2405 ·
65 2389 219 2434 afferre.

816 2471 869 2515 A.

546 2553 835 2605 tumulata
876 2554 1159 2618 nummaria.¹

182 2647 220 2689 J.
252 2662 342 2689 cum
371 2647 610 2704 conjunctivo
622 2664 635 2688 .-

240 2728 283 2783 a)
315 2740 410 2770 cum
439 2728 660 2783 subJectivo
690 2728 914 2782 particulae
943 2740 1025 2771 non
1055 2728 1364 2792 conjunguntur.

240 2797 286 2853 b)
316 2810 413 2840 cum
442 2798 649 2853 obJectivo.
