1688 2957
676 640 1009 704 Vita.

785 777 902 788 Μ

190 861 326 904 Natus
356 874 448 916 sum
477 860 786 903 Ludovicus
823 861 1054 916 Pollu'ge
1092 861 1134 904 in
1164 861 1252 904 vico
1283 862 1494 916 Przylepki
1522 874 1615 915 pro-

55 936 224 979 ·vinciae
267 935 546 980 P'osnaniensis
586 949 622 978 a.
652 935 691 978 d.
723 935 796 979 IV.
837 936 897 978 Id.
939 937 1054 980 Febr.
1094 949 1130 979 a.
1170 937 1210 979 h.
1251 949 1281 979 s.
1326 924 1480 980 XLIX·
1500 938 1615 991 patre

73 1010 282 1072 Adelpho,
313 1014 446 1056 matre
474 1012 608 1055 Maria
637 1025 659 1054 e
689 1013 808 1067 gente
839 1012 1066 1067 Thierling,
1098 1025 1197 1066 quos
1227 1014 1484 1067 praematura
1513 1013 1615 1055 mihi

29 1145 31 1147 η
73 1088 207 1145 morte=
246 1088 431 1144 abreptos
476 1088 589 1131 doleo
635 1099 868 1143 semperque
913 1087 1067 1130 dolebo.
1135 1086 1250 1147 Fidei
1293 1087 1478 1132 addictus
1522 1100 1614 1132 sum

73 1158 340 1219 evangelicae.
414 1166 527 1207 Intra
571 1164 744 1218 parietes
789 1163 1028 1206 domesticos
1076 1163 1260 1206 eruditus
1304 1176 1446 1206 novem
1491 1177 1613 1206 annos

72 1240 192 1283 natus
212 1240 467 1296 gymnasium
485 1236 693 1284 Sremense
712 1232 807 1283 edii.
859 1239 1152 1283 Testimonium
1171 1240 1422 1283 maturitatis
1443 1240 1613 1295 adeptus

71 1328 206 1360 mense
251 1316 416 1360 Octobri
455 1329 490 1359 a.
532 1317 572 1359 h.
615 1329 646 1359 s.
693 1316 882 1375 LXVIII.
930 1316 1219 1359 Vratislaviam
1262 1309 1328 1359 me
1374 1317 1526 1359 contuli
1572 1318 1614 1359 et

72 1392 220 1435 civium
248 1390 568 1435 academicorum
597 1393 727 1435 ordini
755 1392 983 1446 adscriptus
1003 1405 1095 1434 sum
1114 1405 1150 1435 a.
1174 1393 1224 1435 V.
1246 1393 1307 1434 in.
1330 1393 1491 1435 Baebi
1503 1405 1610 1447 ger,

70 1468 169 1511 tunc
198 1468 324 1510 fasces
354 1468 603 1542 acadeons
633 1468 806 1511 tenente.
847 1467 1114 1511 Vehementer
1133 1480 1226 1511 vero
1246 1466 1458 1511 literarum
1487 1467 1613 1511 inter·

70 1545 236 1598 mptum
256 1544 319 1587 est
348 1544 541 1595 studium,
574 1555 668 1585 cum
688 1543 896 1598 stipendiis
916 1556 987 1598 per
1008 1543 1085 1586 duo
1106 1544 1314 1586 semestris.
1333 1543 1610 1587 vix‘confectis

14 1676 17 1677 ⁷
69 1618 177 1662 bello
217 1632 253 1662 a.
295 1619 334 1662 h.
375 1632 405 1662 s.
447 1619 574 1662 LXX.
614 1631 750 1662 exorso
788 1631 901 1662 arma
937 1619 980 1661 in
1019 1618 1343 1673 Francogalliam
1379 1619 1610 1673 proferrem,

70 1694 175 1736 unde
207 1694 319 1749 gravi
347 1694 486 1736 morbo
516 1694 694 1737 afflictus
733 1706 868 1737 mense
898 1694 1120 1737 Novembri
1148 1694 1228 1736 huc
1257 1694 1369 1736 redii.
1431 1694 1529 1736 Inde
1559 1695 1612 1737 ab

69 1782 116 1812 eo
144 1770 323 1823 tempore
353 1769 498 1812 studiis
528 1769 689 1812 deditus
709 1769 855 1812 scholis
875 1769 1040 1812 interfui
1058 1765 1323 1824 philologieis,
1351 1769 1610 1823 philosophis,

70 1844 358 1901 geographicis,
389 1844 603 1888 historicis.

185 1919 403 1974 Reliquum
432 1921 507 1973 est,
538 1920 587 1963 ut
615 1920 939 1975 praeceptoribus
968 1933 1039 1975 pro
1068 1933 1216 1975 magna
1245 1933 1368 1975 quam
1389 1934 1434 1963 ex
1464 1921 1611 1963 scholis

69 2007 207 2039 eorum
246 1996 404 2050 percepi
440 1996 621 2039 utilitate
661 2009 750 2039 eam
788 2008 910 2051 quam
939 1996 1061 2039 debeo
1092 1996 1268 2051 gratiam
1298 2009 1345 2039 ex
1374 1986 1499 2039 animi
1528 1996 1609 2039 mei

69 2071 268 2115 sententia
296 2071 479 2119 referam.
