1688 2957
762 20 953 85 '1ss
1008 4 1011 8 ⁸

12 207 15 213 ’
57 171 261 214 mm
284 173 443 225 *P'fflmess
463 170 514 225 ¹)‘
540 157 834 226 ffljmlcfionis
878 169 992 228 ὄφρα
1042 156 1206 213 fimlein
1254 171 1298 213 'et
1326 134 1688 225 ἰθιιιρσιϊιὶοιιιςζ-ῙΞ

58 235 292 284 derivemus
329 239 547 283 notionem.
608 238 946 296 Gonjunctionnm
990 239 1130 282 autem
1143 270 1156 291 .,
1190 244 1370 294 'quarum'
1414 239 1499 284 ὼ
1539 236 1652 292 ffi
1683 228 1688 257 3

57 323 281 366 repugnare
303 306 472 354 'videtur
500 310 754 366 significatio,
785 310 938 365 optime
967 310 1172 354 derivatur
1201 312 1311 362 usus,
1342 310 1378 354 si
1405 310 1619 355 notionem·
1686 313 1688 315 ’

57 380 342 436 primigeniam
379 380 439 437 (in
468 379 642 435 singulis
672 392 813 436 nempe
853 379 1200 436 conjunctionibus
1229 380 1341 424 notio
1371 379 1611 436 primigenia

58 451 228 496 divinari
256 450 393 506 potius
415 463 546 506 quam
575 450 672 494 sciri
690 450 900 506 oportet)
888 464 930 494 ιιι
951 451 1122 506 utroque
1141 451 1444 495 enuntiatorum
1464 451 1626 507 generev

58 535 83 565 a
112 521 228 564 nobis
258 520 486 576 proposito,
517 520 757 576 explicativo
796 522 838 564 et
876 521 1112 592 correlativo
1157 521 1432 579 supponimus.
1493 520 1611 578 Unde
1648 506 1667 524 ⁸

60 591 336 647 conspicuum,

179 662 223 717 1)
263 673 359 704 ιιοιι
404 673 461 704 ex
501 661 578 704 hac
622 661 688 704 vel
732 660 806 704 illa
850 661 1246 718 conjunctionis
1290 661 1538 706 notione
1535 661 1610 705 de

57 732 365 776 indicativo
415 732 499 784 vel
550 731 897 791 conjunctivo
947 732 1128 791 ponendo
1179 732 1610 776 concludendum
1674 783 1680 788 ,

57 816 159 856 esse,
205 803 332 846 immo
377 815 432 847 ex
477 802 764 855 indicativo
810 803 895 846 vel
941 802 1272 859 conjunctivo
1319 803 1477 858 (utrum
1513 803 1616 846 sub-·

50 874 226 929 jectivus
255 885 308 916 an
338 872 563 927 objectivus
607 872 827 916 videndum
873 873 957 927 est)
999 872 1201 928 adiunctis
1247 873 1520 940 conjunctioni
1550 873 1610 915 de

56 943 266 986 notione
297 942 691 997 conjunctionis
723 942 1158 995 concludendum,

175 1013 221 1067 2)
252 1012 550 1067 coniunctiones
580 1012 728 1055 finibus
758 1012 955 1066 angustis,
987 1012 1133 1079 quibus
1163 1012 1380 1055 relativum
1408 1012 1610 1055 intellexi-

57 1095 148 1124 mus
179 1093 257 1124 non
288 1093 375 1124 esse
406 1081 747 1135 circumscriptas,
780 1081 928 1135 quippe
959 1093 1053 1123 cum
1083 1094 1162 1123 non
1192 1081 1327 1124 minus
1358 1094 1486 1124 unum
1514 1082 1609 1124 tan-

55 1153 146 1195 tum
177 1151 368 1195 voculum
413 1151 654 1195 antecedens
695 1163 820 1206 quam
861 1151 992 1196 totam
1030 1151 1336 1195 antecedentem
1366 1151 1608 1196 sententiam

55 1222 251 1276 explicare
281 1221 449 1276 possint.

488 1353 531 1404 a)
579 1350 803 1393 Enuntiata
833 1350 1066 1406 eaplioqtiva
1094 1366 1183 1393 eum
1243 1368 1245 1371 ·

611 1447 666 1498 a)
698 1444 1054 1500 conjunctivo.

174 1559 509 1616 Coniunctionum
540 1572 565 1603 a
594 1559 719 1614 stirpe
760 1558 1005 1614 pronominis
1036 1558 1195 1602 relativi
1226 1559 1497 1603 derivatamm
1529 1559 1607 1603 huc

20 1652 27 1657 ¹
57 1631 261 1685 pertinent
290 1630 367 1680 ἵνα,
399 1630 468 1679 ὡς,
482 1630 620 1678 ὅπως,
652 1628 777 1686 ὄφρα.
1543 1649 1546 1652 <

143 1699 237 1743 ’ἵνα
267 1699 590 1758 instrumentalis
634 1701 697 1743 est
740 1688 985 1758 pronominis
1022 1698 1205 1760 relativi,
1238 1699 1317 1743 skt.
1348 1712 1462 1755 yena,
1495 1700 1605 1743 notio
1650 1703 1656 1706 “

56 1770 297 1824 primigenia
326 1782 422 1824 ergo
452 1755 571 1821 erit,
575 1769 663 1821 ‚hoc
694 1766 855 1812 modof‘

173 1839 233 1890 ὡς
269 1838 473 1884 ablativus
509 1839 572 1883 est
611 1837 857 1895 pronominis
893 1837 1053 1882 relativi
1091 1814 1139 1882 ιιι
1179 1837 1313 1882 omnia
1342 1837 1532 1883 adverbia
1564 1839 1606 1883 in

55 1924 173 1959 -ως
200 1910 424 1952 desinentia
453 1909 623 1952 ablativi
652 1911 749 1952 sunt
778 1909 904 1963 ipsius
934 1908 1134 1965 adJectivi.
1196 1909 1321 1952 Notio
1364 1909 1605 1965 primigenia

55 1979 225 2023 ablativi
254 1980 392 2024 autem
428 1980 492 2023 est
510 1981 720 2035 punctum,
752 1991 777 2022 a
797 1992 876 2034 quo
896 1973 1033 2023 motus
1053 1977 1267 2034 quisquam
1288 1978 1380 2022 exit.
1422 1979 1608 2023 Duarum

55 2050 380 2093 enuntiationum
417 2061 521 2104 quae
559 2049 835 2104 conjunctione
874 2049 934 2098 ὡς
971 2049 1205 2105 conjunctae
1244 2049 1363 2102 sunt,
1395 2061 1444 2092 ea
1481 2062 1607 2092 enun-
1670 2071 1673 2074 Δ

55 2120 172 2163 tiatio
195 2119 470 2176 conjunctione
501 2119 559 2168 ὡς
585 2119 777 2163 instituta
795 2119 961 2172 indicat,
992 2119 1193 2163 actionem
1212 2118 1290 2168 sibi
1309 2119 1604 2163 inhabitantem

54 2189 147 2232 inde
176 2190 229 2233 ab
269 2200 315 2232 eo
360 2190 540 2244 tempore
585 2190 752 2241 exstare,
799 2201 878 2244 quo
923 2189 1030 2233 actio
1075 2188 1117 2232 in
1160 2188 1290 2235 altera
1329 2188 1603 2247 enuntiatione

55 2259 279 2314 exstiterit;
314 2259 391 2315 sed
431 2259 530 2302 haec
571 2259 811 2314 primigenia
839 2259 949 2303 notio
979 2259 1215 2314 temporalis
1244 2259 1286 2302 in
1315 2259 1486 2302 Homeri
1516 2272 1606 2302 car-

31 2310 231 2372 'minibus
276 2340 355 2373 non
399 2319 610 2387 reperitur,
657 2329 798 2378 contra
828 2341 875 2372 ea
904 2328 1160 2386 significatio,
1206 2341 1309 2385 quae
1353 2327 1485 2386 illam
1496 2327 1608 2388 inter
1669 2328 1671 2330 ’

54 2401 273 2454 utrumque
303 2399 560 2454 enuntiatum
590 2399 886 2446 necessitatem
901 2399 1056 2443 ratione
1086 2399 1219 2455 logica
1239 2397 1433 2454 concepit.
1482 2381 1607 2444 Notio

55 2469 296 2526 primigenia
325 2469 471 2516 similis
502 2469 581 2513 erit
608 2469 771 2513 notione
800 2469 1141 2526 conjunctionis⁰
1119 2486 1196 2513 ινα.

173 2541 285 2588 ὅπως
316 2540 460 2582 suffixo
500 2539 708 2583 indefinito
738 2563 798 2570 —
827 2555 878 2581 πο
907 2540 1143 2595 interposito
1185 2541 1348 2583 tantum
1390 2539 1526 2583 differt
1555 2540 1607 2582 ab

56 2606 118 2660 ὡς’
142 2599 432 2667 conjunctione.

177 2726 204 2769 ¹)
228 2723 484 2762 Passovins
513 2735 542 2760 s.
568 2735 600 2761 v.
626 2724 721 2762 circa
752 2725 883 2781 vig-inti
910 2735 1028 2762 vanas
1052 2724 1159 2771 hujus
1184 2724 1446 2771 conjunctionis
1469 2723 1608 2770 profert
1648 2756 1655 2761 ,
1681 2747 1684 2750 »

55 2772 232 2808 notiones.
