1688 2957
826 99 850 140 7

164 226 364 270 'Tantum
395 225 510 269 abest
549 227 598 269 ut
633 227 794 281 propter
833 226 937 269 hanc
967 226 1031 269 vel
1061 226 1177 268 illam
1209 226 1459 281 conjunctivo
1491 237 1614 281 nega·

68 297 220 340 tionem
239 297 472 352 adiunctam
491 297 694 339 notionem
713 297 833 352 hujus
853 297 964 339 modi
984 297 1192 339 immutari
1213 298 1366 350 putem,
1383 298 1431 339 ut
1450 298 1615 350 propter

68 367 173 410 hanc
211 367 277 410 vel
316 366 433 409 illam
468 366 511 409 in
550 367 626 409 hoc
666 367 787 410 illove
818 367 905 410 loco
935 367 1137 410 notionem
1167 366 1328 409 infixam
1362 366 1613 422 conjunctivo

63 438 122 495 μή
150 437 217 480 vel
246 438 294 480 οὐ
323 437 484 493 negatio
514 433 805 492 praeponatur3
838 450 960 492 quam
991 450 1171 492 quaeque
1201 437 1402 492 particula
1429 438 1614 491 spectant

68 507 272 551 notionem
300 508 530 563 proliciunt,
562 508 633 550 sed
663 520 753 551 eam
781 520 860 551 non
890 508 1106 551 inculcant.

128 580 132 584 '
185 578 379 632 Exempla
418 590 520 633 quae
556 580 769 633 utramque
809 579 1011 622 notionem
1040 579 1230 633 praebent
1260 579 1399 621 afferre
1424 578 1610 634 juvabit:

185 646 275 690 Ἀλλ’
305 648 376 702 ἄγε
407 647 558 691 θᾶσσον
589 648 790 705 ἰδώμεθα,
832 650 911 691 ὅττι
951 648 1037 691 τάδ’
1074 649 1188 692 ἐστίν.
1217 674 1275 680 -—
1307 650 1353 691 N.
1389 650 1487 697 292,
1520 646 1608 689 Ἀλλ’

73 718 159 772 ἄγε,
186 718 319 776 μηκέτι
349 722 471 760 ταῦτα
500 719 722 775 λεγώμεθα.
772 720 944 761 Volendi
965 719 1166 773 quandam
1186 720 1390 761 notionem
1412 719 1612 761 cernimus

69 787 359 831 adactionem
404 789 621 832 instantem
666 789 935 841 efficiendam,
976 801 1077 843 quae
1116 802 1208 832 vero
1249 791 1297 832 ut
1334 789 1385 831 ad
1424 788 1612 842 effectum

67 858 332 912 perducatur,
365 860 415 902 ab
446 860 601 902 actione
618 872 818 914 personae
859 860 1053 902 secundae
1085 860 1280 913 dependet
1298 860 1327 914 ¹)
1358 860 1485 917 (conj.
1516 860 1611 903 sub·

62 929 277 986 jectivus).
339 928 508 973 Contra:
538 929 632 972 —Kac'
668 930 712 972 νύ
752 945 805 979 τις
832 929 907 972 ὧδ’
927 928 1041 988 εἴπῃ
1053 945 1110 972 σι.
1169 931 1234 972 vel
1273 929 1351 970 Οὐκ
1379 927 1467 970 §affl
1496 928 1613 978 οὗτος

69 999 176 1055 ἀνὴρ.
203 998 292 1041 οὐδ”
320 998 476 1041 ἔσσεται
505 1000 627 1041 οὐδὲ
658 1001 772 1058 γένη
785 1016 871 1042 ται.

188 1069 236 1111 In
280 1069 362 1112 illis
408 1082 510 1124 quae
556 1070 743 1124 exscripsi
786 1071 978 1124 exemplis
1023 1083 1149 1124 quum
1199 1070 1332 1123 ipsum
1383 1070 1611 1124 subJectum

68 1139 254 1181 movendi
284 1140 367 1181 vim
398 1140 439 1181 et
480 1127 677 1182 efficiendi
717 1142 788 1183 aut
824 1140 968 1182 habuit
1005 1139 1230 1196 (ἰδώμεθα)
1260 1142 1332 1182 aut
1361 1153 1439 1181 non
1469 1140 1611 1181 habuit

2 1236 6 1239 -
68 1206 233 1266 (μὴ-),
265 1209 306 1251 in
343 1209 407 1252 his
445 1211 584 1253 contra
623 1210 812 1265 exemplis
853 1209 1072 1264 accipiendi
1103 1211 1144 1253 et
1175 1210 1290 1265 quasi
1318 1208 1496 1265 patiendi
1526 1209 1610 1252 vim

68 1278 247 1334 subjecto
279 1279 483 1322 inhaerere
514 1282 681 1334 apparet
711 1281 835 1338 (conj.
867 1281 1133 1338 objectivus).

182 1349 295 1393 Haec
325 1349 469 1405 duplex
500 1351 741 1407 conjunctivi
771 1351 879 1394 notio
900 1363 1023 1406 aeque
1043 1350 1084 1393 in
1105 1351 1445 1394 enuntiationibus
1467 1364 1609 1394 secun-

68 1420 188 1462 dariis
219 1432 265 1462 ac
295 1420 337 1462 in
366 1420 567 1474 primariis
608 1422 760 1471 exstat3
807 1421 1034 1475 ubicunque
1074 1416 1285 1476 negatione
1324 1421 1371 1462 οὐ
1403 1434 1501 1476 opus
1533 1424 1607 1471 est,

68 1502 186 1543 quem
221 1522 239 1541 ‚,
253 1490 336 1545 obj
350 1503 370 1532 e
383 1491 580 1533 ctivum
594 1494 613 1512 ‘⁶
662 1491 822 1533 nomino
866 1491 1191 1545 intellegendus„
1220 1491 1448 1545 ubicunque
1486 1504 1608 1547 nega-

10 1603 20 1612 ,
66 1560 175 1601 tione
211 1560 289 1617 μή,
322 1572 441 1614 quem
485 1561 610 1612 „sub
616 1560 911 1615 jectivum“
957 1560 1045 1603 dico
1090 1561 1382 1616 intellegendus
1424 1563 1486 1605 est
1516 1574 1609 1604 con-

61 1629 282 1685 junctivus.

188 1773 224 1812 1.
258 1769 642 1827 ConJunctivus
673 1771 724 1812 in
756 1771 1050 1814 enuntiatis
1081 1772 1488 1826 praedicativis.

522 1886 568 1943 a)
608 1885 878 1943 Gonjunotimae
907 1888 1148 1944 subjectivae.

183 1991 300 2032 Hanc
324 1991 573 2046 ‘conjunctivi
611 1991 943 2046 significationem
985 1992 1245 2034 vetustiorem
1277 2005 1373 2043 esse,
1406 2005 1532 2046 quum
1563 2006 1608 2035 ex
1635 1986 1638 1988 ’

66 2073 111 2102 eo
142 2062 319 2114 apparet,
366 2061 471 2115 quod
518 2074 610 2103 cum
656 2061 905 2115 conjunctivo
943 2062 1018 2103 hac
1060 2050 1220 2104 notione
1251 2062 1461 2105 enuntiata
1491 2075 1608 2117 para-

67 2131 213 2173 tactice
244 2132 554 2174 conectebantur
576 2131 644 2186 (cf.
667 2131 735 2186 B.)
757 2131 869 2174 nulla
890 2129 1048 2174 exstant
1078 2133 1258 2186 exempla
1288 2133 1406 2187 hujus
1437 2134 1606 2188 generis,

65 2213 166 2255 quae
213 2201 510 2256 conjunctivum
559 2200 853 2256 „objectivum“
902 2202 1111 2255 praebent3
1154 2204 1244 2244 tum
1287 2215 1332 2244 ex
1386 2216 1430 2245 eo
1445 2236 1454 2254 ‚
1502 2203 1608 2257 quod

65 2272 193 2313 altera
223 2271 513 2325 significatione
544 2270 818 2326 conjunctivus
858 2271 989 2325 magis
1019 2272 1228 2326 magisque
1258 2272 1449 2325 temporis
1480 2272 1605 2315 futuri

67 2340 220 2384 notioni
250 2340 555 2394 appropinquat.

662 2456 710 2514 α)
743 2458 1009 2514 positivus.

182 2563 386 2616 Incipiunt
426 2562 656 2617 hujusmodi
693 2563 875 2604 enutiata
913 2563 1097 2604 formulis
1135 2564 1253 2611 ἀλλά,
1286 2562 1369 2604 ἀλλ’
1400 2563 1492 2617 ἄγε,
1524 2562 1608 2604 ἀλλ’

66 2632 203 2689 ἄγετε,
235 2631 318 2675 ἀλλ’
348 2632 419 2688 ἄγε
450 2632 520 2690 δή,
552 2633 588 2675 εἷ
618 2630 655 2674 δ’
684 2631 779 2688 ἆγε,
812 2632 934 2690 δεῦρο
948 2665 958 2682 ,
990 2646 1194 2687 nunquam
1224 2633 1425 2689 particula
1455 2634 1609 2690 wit-dp„-

66 2704 246 2758 exempla
275 2716 354 2745 non
384 2703 460 2748 nisi
489 2703 662 2757 primam
692 2715 901 2757 personam
932 2704 1033 2757 sing.
1067 2705 1108 2746 et
1138 2705 1242 2758 plur.
1275 2705 1479 2768 praebent,
1513 2716 1607 2746 con-

116 2801 119 2803 ·
186 2834 211 2875 ¹)
237 2831 428 2872 Hentze,
454 2831 585 2866 Philol.
611 2831 740 2866 XXIX.
765 2841 799 2874 p.
829 2831 895 2865 128
921 2841 997 2875 sqq.
