1688 2957
820 107 848 148 4

62 233 308 290 „priora“
343 235 385 277 et
417 234 789 288 „posteriora“,
821 246 917 277 nam
947 236 995 278 ut
1025 235 1126 279 dicit
1155 249 1194 291 p.
1218 237 1288 280 44.
1338 236 1440 290 „Die
1468 232 1611 280 Hand·

57 305 160 361 lung
189 305 260 348 des
289 305 563 359 Hauptsatzes
594 305 699 346 setzt
729 304 794 347 die
825 304 894 347 des
915 305 1188 349 Nebensatzes
1219 318 1364 350 vorans
1384 306 1489 351 >oder
1518 295 1611 351 um·

57 375 234 431 gekehrt,
267 375 332 417 die
362 373 585 429 Handlung
615 373 684 417 des
703 374 980 418 Nebensatzes
1011 376 1115 419 setzt
1145 375 1209 418 die
1239 376 1310 420 des
1338 376 1610 432 Hauptsatzes

55 459 213 489 vorans.
275 445 357 487 Mit
387 444 624 486 besonderer
656 444 1048 500 Beriicksichtigung
1085 446 1154 488 des
1195 446 1511 490 Relativsatzes:
1544 447 1609 490 die

54 514 279 568 Handlung
322 514 392 556 des
436 513 731 556 Relativsatzes
776 514 831 557 ist
875 514 1077 557 entweder
1122 515 1193 558 das
1239 515 1357 558 Prius
1400 516 1495 559 oder
1536 516 1608 559 das

54 584 263 628 Posterius
293 596 343 626 zu
374 582 444 625 der
474 583 544 626 des
575 583 889 638 Hauptsatzes.“

172 653 289 697 Nihil
319 665 364 695 eo
395 653 632 707 perversius.
695 653 788 696 Sine
820 653 941 697 dubio
972 654 1034 696 vir
1074 655 1330 699 doctissimus
1361 656 1402 698 in
1428 656 1605 700 maximo

53 725 238 767 versatur
265 736 408 766 errore.
472 724 580 766 Nam
612 724 709 778 quid
740 724 789 765 de
819 724 1039 767 enuntiatis
1060 738 1154 767 cum
1173 725 1381 768 indicativi
1411 727 1602 781 tempore,

52 794 150 849 quid
180 794 229 836 de
249 792 469 836 enuntiatis
499 793 710 847 particulis
750 794 830 843 ἕως
858 795 899 836 et
930 792 1170 851 ὄφρα-ᾶιιιη,
1201 795 1401 839 institutis
1430 796 1604 848 videtur,

51 877 222 919 quarum
269 862 594 906 enuntiationum
639 863 745 906 actio
792 876 919 918 neque
969 864 1132 918 „prius“
1177 877 1305 920 neque
1349 865 1599 920 „posterius“

51 935 114 977 est
143 933 300 976 actione
339 933 627 975 enuntiationis
668 932 932 988 principalis?
992 934 1106 976 Haec
1136 934 1370 978 distributio
1401 947 1495 990 ergo
1525 948 1602 978 non

49 1004 149 1047 satis
179 1003 263 1046 late
293 1004 431 1058 patet,
465 1003 560 1057 quia
590 1014 669 1045 non
699 1003 832 1045 solum
862 1015 939 1046 non
971 1003 1106 1046 omnia
1138 1004 1317 1048 continet
1357 1004 1602 1049 enuntiatio-

47 1087 146 1116 num
193 1086 352 1128 genera,
401 1073 471 1115 sed
517 1074 641 1116 etiam
687 1086 735 1115 ne
780 1073 843 1115 illi
888 1073 1051 1127 quidem
1098 1075 1249 1117 sufficit
1298 1075 1601 1118 enuntiatorum

48 1143 183 1198 generi
232 1143 340 1196 quod
390 1130 684 1185 Delbrueckius
736 1142 1018 1185 distributione
1080 1143 1437 1198 comprehensurus
1488 1145 1598 1195 erat;
1677 1200 1680 1203 ᾖ

46 1213 172 1255 immo
223 1213 297 1254 tali
358 1212 616 1266 dispositione
659 1226 758 1267 opus
810 1214 893 1263 est,
945 1226 1047 1266 quae
1098 1226 1235 1256 omnes
1285 1214 1424 1256 eodem
1472 1215 1594 1261 modo

46 1283 318 1338 amplectatur
348 1282 656 1326 enuntiationes.

163 1352 208 1396 Si
237 1352 529 1396 Delbrueckius
560 1366 599 1408 p.
636 1355 715 1397 101
749 1351 906 1409 pergit:
958 1353 1039 1405 „Es
1069 1353 1164 1397 mut
1194 1354 1274 1407 auf,
1308 1354 1400 1398 dass
1432 1354 1598 1411 gewisse

42 1426 172 1468 Arten
218 1425 310 1467 dem
355 1425 609 1478 Hauptsatze
655 1438 703 1466 zu
748 1425 905 1479 folgen,
952 1425 1097 1467 andere
1141 1425 1228 1467 ihm
1273 1427 1598 1481 vorauszugehen

42 1495 214 1550 pflegen.
276 1494 352 1537 Die
386 1495 637 1551 gewohnlioh
667 1494 988 1537 nachstehenden
1020 1494 1136 1537 Satze
1166 1507 1249 1537 nun
1280 1495 1489 1539 enthalten
1508 1495 1597 1540 Ab·

42 1566 171 1617 sicht,
204 1566 331 1620 Folge
362 1565 444 1607 und
476 1565 683 1607 ahnliches
697 1597 706 1615 ,
739 1565 803 1607 die
845 1555 1096 1619 gevrohnlich
1126 1566 1489 1609 vorausstehenden
1518 1567 1596 1609 Be-

42 1635 239 1690 dingung,
288 1635 617 1688 Voraussetzung
658 1634 740 1676 und
771 1634 992 1676 ahnliches.
1055 1634 1131 1676 Die
1162 1634 1288 1677 altere
1319 1634 1493 1688 Sprache
1523 1636 1596 1678 hat
1680 1660 1685 1665 ι

40 1705 126 1747 also
156 1705 332 1748 Absicht
377 1704 460 1747 und
507 1704 713 1747 ahnliches
759 1705 877 1746 unter
922 1704 993 1746 der
1021 1703 1242 1759 Kategorie
1273 1703 1341 1746 des
1372 1704 1592 1758 Posterius,

38 1775 282 1830 Bedingung
311 1774 395 1816 und
425 1774 630 1821 ahnliches
661 1774 780 1816 unter
800 1773 870 1816 der
885 1774 1105 1829 Kategorie
1135 1773 1205 1816 des
1235 1774 1355 1816 Prius
1376 1775 1590 1829 gedacht,“

38 1845 133 1888 huic
163 1844 506 1900 argumentationi
552 1844 752 1895 obstat,
800 1843 936 1898 quod
983 1844 1413 1887 enuntiationum
1459 1846 1594 1889 rela-

38 1915 271 1957 tivarum
312 1914 521 1957 notione
562 1914 906 1973 hypothetica
944 1914 1098 1969 longe
1138 1913 1400 1968 plurimae
1440 1916 1594 1969 post—

36 1985 263 2038 positae‘
283 1998 338 2026 su
350 1986 405 2026 nt
436 1984 702 2026 enuntiationi
732 1984 1005 2038 principali,¹)
1037 1984 1142 2025 unde
1174 1984 1409 2026 concludere
1440 1985 1591 2036 licebit,

35 2054 77 2096 in
108 2054 241 2109 prisca
270 2054 344 2096 illa
359 2054 523 2109 linguae
545 2054 693 2104 aetate,
726 2053 839 2108 quus
868 2053 982 2095 nulla
1002 2052 1117 2095 nobis
1138 2053 1297 2096 exstant
1316 2055 1589 2106 monumenta,

37 2124 330 2166 enuntiationes
362 2123 655 2178 hypotheticas,
688 2123 784 2176 quia
813 2123 865 2165 ad
895 2122 1193 2177 exprimendam
1223 2123 1429 2165 notionem
1463 2123 1591 2178 hypo-

36 2193 234 2236 theticam
264 2194 306 2235 et
335 2193 498 2235 finalem
530 2192 867 2248 (consecutivum)
906 2205 1034 2235 unum
1070 2192 1234 2234 tantum
1264 2192 1586 2236 enuntiationum

34 2276 175 2318 genus,
223 2263 498 2314 relativarum,
546 2262 698 2314 aderat,
746 2263 832 2305 sine
876 2262 1106 2316 exceptione
1150 2261 1274 2304 fuisse
1319 2262 1586 2317 postpositas;

34 2335 174 2376 contra
204 2333 246 2375 in
277 2333 419 2387 lingua
448 2332 812 2374 Palaeo-Indorum
843 2344 978 2374 omnes
1009 2332 1301 2374 enuntiationes
1332 2333 1374 2375 et
1393 2333 1585 2375 relativae

34 2404 76 2445 et
108 2402 456 2456 conjunctionibus
487 2402 699 2444 institutae
730 2401 936 2444 enuntiato
966 2401 1180 2455 principali
1210 2401 1458 2454 praepositae
1478 2403 1585 2445 sunt.

151 2472 230 2516 Sed
260 2485 306 2514 ex
335 2472 412 2515 hac
443 2471 491 2514 de
522 2471 759 2526 praepositis
805 2473 848 2514 et
892 2471 1127 2526 postpositis
1173 2469 1416 2524 quibusdam
1462 2484 1586 2515 enun-

30 2542 270 2586 tiationibus
294 2541 555 2585 Delbrueckii
576 2541 854 2584 observatione
875 2541 955 2584 alia
975 2540 1174 2596 quaedam
1204 2540 1317 2583 nobis
1346 2540 1583 2585 redundant.
1671 2593 1673 2595 ¹

152 2695 177 2738 ¹)
205 2692 372 2730 Omnium
419 2692 706 2729 enuntiationum
748 2692 979 2729 relativarum
1023 2692 1170 2728 notione
1211 2691 1447 2738 hypothetica
1487 2704 1509 2730 a
1535 2691 1584 2730 ud

28 2741 222 2777 Homerum
263 2740 566 2785 postpositae
607 2743 715 2776 sunt
754 2741 837 2783 111,
877 2741 908 2776 si
949 2740 1136 2776 enuntiata
1175 2739 1212 2774 in
1253 2740 1514 2785 comparationi
1541 2751 1582 2776 us

28 2787 289 2829 adnumerabis,
318 2787 395 2829 142,
422 2787 594 2842 reliquae,
620 2785 676 2828 36,
702 2787 756 2822 ita
773 2786 988 2823 distributae
1012 2788 1107 2828 sunt,
1134 2788 1175 2821 ut
1200 2786 1244 2822 26
1270 2786 1581 2829 antecedant,

30 2835 75 2871 10
99 2835 252 2889 autem
276 2835 601 2879 interpositae
626 2833 734 2870 sint.
