1688 2957
761 18 994 98 *28³⁵

78 181 233 236 ν’427,
259 181 724 245 ἀλλὰτάγόοὐκοῗω·
753 184 844 241 τφὶν
873 178 1183 239 ministrata
1205 179 1376 230 καθέξει.
1650 204 1668 216 ·»

85 305 89 308 Α
194 256 319 312 πρὶν
333 246 434 300 hae
461 254 754 311 significatione
791 249 1041 298 adverbium
1076 254 1307 309 temporale
1350 266 1437 297 esse
1481 223 1634 309 gradus
1673 247 1688 302 J

75 324 342 381 comparativi
371 324 603 381 oppositum
632 324 820 368 adverbio
851 326 919 367 νῦν
949 324 1229 369 demonstrant
1264 314 1397 367 multa
1422 323 1630 379 exempla:

75 388 231 446 εῘ335,
267 393 491 453 Λευκοθέη,
521 396 550 452 ἦ
578 397 698 451 πρὶν
721 395 797 451 μὲν
827 393 899 453 ἔην
924 395 1075 451 βρότος
1101 395 1307 454 αὐδήεσσα
1618 437 1624 441 ,
1685 385 1688 431 J

254 467 346 509 νῦν
375 464 413 507 δ’
443 464 540 514 ἁλὸς
566 465 610 507 ἐν
640 462 992 520 πελάγτσοιθεῶν
1021 463 1245 523 ἐξζιᾳιορε
1274 467 1390 523 τιμῆς.
1438 501 1441 505 .
1538 485 1542 487 -
1603 484 1608 491 ·

78 536 117 576 Β
146 538 245 586 111,
277 535 382 584 Ζεύς
402 549 457 591 με
480 535 587 591 μέγα
621 530 824 593 Κρονίδης
850 534 926 593 ἄτῃ
955 535 1121 593 ἐνέδησε
1146 535 1310 596 βαρείῃ,
1437 540 1443 545 ’

252 605 436 664 σχέτλιος,
467 605 515 655 ὃς
541 607 661 663 πρὶν
685 605 762 662 μέν
786 621 856 663 μοι
885 605 1079 664 ὑπέσχετο
1106 606 1174 648 καὶ
1202 605 1446 657 κατένευσεν,
1479 657 1483 661 ,

167 684 173 689 ’
248 674 357 719 Ἴλιον
386 676 619 733 ἐκπέρσαντ’
650 675 849 735 εὐτείχεον
879 674 1137 727 daumasiae,

252 749 337 790 νῦν
367 746 414 790 δὲ
444 746 565 805 κακὴν
595 745 1026 805 ἀπάτην-βουλεύσατο
1055 762 1088 789 κ.
1119 762 1151 788 τ.
1180 747 1213 788 λ.
1244 746 1294 791 cf.
1328 744 1357 787 θ
1390 747 1485 790 155.

194 817 333 861 Etiam
385 817 595 860 enuntiata
644 829 747 871 quae
797 817 887 874 πρίν
936 816 1173 860 adverbium
1218 816 1261 859 et
1304 816 1629 871 conjunctionem

72 887 268 942 praebent
296 886 340 930 in
369 886 612 942 explicativa
641 887 684 930 et
713 887 953 930 correlativa
982 887 1079 931 sunt
1107 885 1366 942 segreganda.
1632 878 1635 880 ’

190 957 236 1000 Si
266 957 493 1012 spectabis:

78 1027 119 1070 Σ
143 1029 245 1079 283,
275 1028 325 1071 οὖ
355 1027 404 1071 δέ
432 1028 515 1071 ποτ’
547 1026 738 1084 ἐκπέρσει·
769 1028 859 1085 πρίν
883 1044 948 1084 μιν
978 1027 1091 1077 κύνες
1117 1028 1235 1085 ἀργοὶ
1264 1026 1431 1070 ἔδονται.

75 1097 114 1140 Ω
141 1099 240 1151 551,
272 1098 321 1140 οὐ
352 1098 400 1141 δέ
423 1114 489 1155 μιν
527 1098 742 1156 ἀνστήσεις
773 1099 863 1155 πρὶν
892 1099 956 1140 καὶ
986 1097 1103 1140 κακὸν
1134 1097 1228 1140 ἄλλο
1259 1095 1466 1155 πάθῃσθα.

190 1170 233 1212 et

72 1238 114 1281 Σ
140 1239 238 1290 135,
271 1238 372 1281 ἀλλὰ
403 1237 452 1280 σὺ
477 1238 554 1296 μὲν
577 1238 636 1297 μή
667 1253 730 1281 πω
760 1237 981 1280 καταδύσεο
1004 1238 1142 1294 μῶλον
1166 1235 1316 1296 Ἄρηος,

248 1309 338 1366 πρίν
369 1309 405 1363 γ’
435 1309 506 1365 ἐμὲ
536 1308 647 1365 δεῦρ’
678 1307 877 1350 ἐλθοῦσαν
907 1308 950 1350 ἐν
979 1307 1243 1365 ὀφθαλμοῖσιν
1273 1306 1392 1367 ἴδηαι.
1418 1311 1429 1317 “

69 1379 295 1434 intelleges,
327 1379 369 1422 in
398 1378 598 1433 prioribus
631 1379 788 1422 duobus
818 1378 918 1422 locis
938 1391 1017 1421 non
1037 1380 1125 1421 tam
1144 1380 1259 1422 artus
1279 1379 1385 1423 inter
1406 1380 1626 1423 sententias

70 1450 225 1493 exstare
255 1460 488 1501 connexum,
519 1450 569 1492 ut
599 1448 856 1492 enuntiatum
885 1449 1074 1502 alterum,
1106 1450 1235 1492 altero
1266 1449 1429 1505 dempto
1449 1463 1543 1493 non
1572 1449 1626 1494 sit

70 1533 142 1575 per
171 1533 214 1563 se
243 1520 380 1575 ipsum
424 1520 706 1574 perspicuum,
749 1521 889 1562 contra
918 1519 960 1561 in
991 1520 1111 1562 tertio
1124 1552 1134 1571 ‚
1167 1532 1289 1574 quem
1319 1520 1508 1575 exscripsi
1538 1521 1625 1563 loco

71 1589 111 1631 Σ
139 1591 222 1633 135
236 1622 246 1641 ,
285 1589 578 1633 necessitudine
615 1590 734 1633 tanta
767 1589 872 1632 inter
901 1601 956 1632 se
986 1589 1198 1644 conjuncta
1228 1602 1313 1633 esse
1343 1590 1554 1634 enuntiata
1583 1592 1626 1634 et
1658 1630 1666 1636 .

70 1659 375 1711 consociatione,
422 1661 472 1703 ut
518 1659 700 1716 alterius·
737 1660 910 1702 alteram
961 1659 1081 1702 certis
1132 1660 1373 1703 sententiam
1424 1661 1625 1704 describat
1658 1682 1661 1684 -

68 1730 217 1773 finibus
233 1741 404 1784 eamque
434 1729 634 1784 suppleat.
696 1729 814 1772 Illius
835 1728 991 1784 generis
1012 1730 1222 1773 enuntiata
1241 1730 1348 1773 inter
1367 1730 1620 1786 explicativa,

68 1800 188 1857 hujus
218 1800 376 1856 generis
415 1800 522 1844 inter
563 1800 800 1844 correlativa
830 1801 926 1843 sunt
954 1800 1185 1855 referenda,
1215 1802 1257 1844 in
1287 1802 1372 1845 illis
1402 1802 1623 1846 enuntiatis

67 1872 157 1929 πρὶν
187 1871 349 1914 notione
379 1870 603 1914 adverbiali
632 1872 674 1914 et
705 1870 994 1927 conjunctivus,
1027 1871 1141 1927 cujus
1171 1872 1214 1915 in
1243 1872 1463 1916 enuntiatis
1493 1873 1622 1928 expli-

67 1942 211 1985 cativis
241 1954 370 1985 unum
400 1942 564 1984 tantum
583 1942 778 1996 praebent
797 1942 1024 1995 exemplum
1045 1942 1224 1984 carmina
1240 1942 1469 1995 Homerica,
1501 1955 1622 1998 quem

66 2011 311 2069 objectivum
342 2010 517 2056 diximus
546 2011 853 2068 intellegendus,
885 2010 928 2054 in
957 2011 1021 2055 his
1053 2013 1142 2070 πρὶν
1172 2025 1244 2068 pro
1276 2012 1561 2069 conjunctione*
1580 2015 1622 2058 et

66 2082 344 2139 conjunctivus
373 2095 495 2137 quem
525 2082 794 2138 subJectivum
837 2082 1131 2137 appellavimus
1161 2083 1368 2138 putandus
1398 2085 1482 2134 est;
1529 2095 1619 2127 sen-

65 2154 196 2198 tentia
224 2152 463 2198 antecedens
494 2166 652 2209 semper
681 2154 745 2198 est
773 2153 975 2209 negativa.

181 2223 583 2268 Enuntiationes
627 2224 1054 2280 interrogativae
1098 2224 1327 2281 geminatae
1377 2238 1472 2269 cum
1523 2238 1618 2270 con-

56 2296 241 2351 Junctivo
271 2296 314 2338 et
343 2295 480 2339 futuro
510 2295 619 2350 apud
647 2295 873 2338 Homerum
902 2295 1172 2338 instituuntur
1200 2296 1402 2350 particula
1432 2295 1460 2354 ἧ
1489 2295 1557 2354 (ἦ)
1616 2340 1620 2341 ⁷

63 2364 92 2424 ἢ
121 2398 310 2409 .......
321 2364 347 2425 ἦ
375 2363 439 2424 (ἢ
466 2380 510 2408 κε
521 2398 708 2408 .......
718 2364 745 2424 ἦ
775 2364 841 2422 κε)

63 2435 92 2493 ἤ
121 2469 278 2479 ......
294 2435 368 2494 ’.ἦε
388 2435 439 2494 (ἧ
466 2451 510 2479 κε
521 2468 709 2478 .......
718 2435 768 2493 ἦε
797 2435 862 2489 κε)
1082 2451 1087 2456 ·

122 2539 310 2550 .......
320 2504 349 2565 ἤ
380 2506 413 2549 Α
442 2507 512 2551 83.
542 2530 601 2538 -
641 2504 673 2548 Θ
705 2507 801 2549 111.
832 2532 891 2539 -
922 2522 943 2549 ν
973 2507 1072 2551 415.
1104 2532 1160 2539 -
1191 2523 1218 2550 π
1252 2509 1347 2552 138.
1378 2533 1436 2540 —-
1466 2523 1490 2550 τ
1517 2509 1616 2553 325.

56 2647 112 2705 ,ἠέ
122 2680 311 2690 .......
320 2647 382 2705 ἠε.

60 2717 110 2775 ἠέ
121 2749 309 2760 .......
319 2716 380 2775 ἦε.

60 2786 110 2845 ἦέ
119 2819 309 2830 .......
318 2786 358 2846 ἦ.
