<?xml version="1.0" encoding="UTF-8"?>
<!DOCTYPE html PUBLIC "-//W3C//DTD XHTML 1.0 Transitional//EN"
    "http://www.w3.org/TR/xhtml1/DTD/xhtml1-transitional.dtd">
<html xmlns="http://www.w3.org/1999/xhtml" xml:lang="en" lang="en">
 <head>
  <title>
</title>
<meta http-equiv="Content-Type" content="text/html;charset=utf-8" />
  <meta name='ocr-system' content='tesseract 3.04.00' />
  <meta name='ocr-capabilities' content='ocr_page ocr_carea ocr_par ocr_line ocrx_word'/>
</head>
<body>
  <div class='ocr_page' id='page_1' title='image "4737824_0021.png"; bbox 0 0 1688 2957; ppageno 0'>
   <div class='ocr_carea' id='block_1_1' title="bbox 825 93 878 137">
    <p class='ocr_par' dir='ltr' id='par_1_1' title="bbox 825 93 878 137">
     <span class='ocr_line' id='line_1_1' title="bbox 825 93 878 137; baseline 0.019 -1"><span class='ocrx_word' id='word_1_1' title='bbox 825 93 878 137; x_wconf 86' lang='lat'><strong>13</strong></span> 
     </span>
    </p>
   </div>
   <div class='ocr_carea' id='block_1_2' title="bbox 712 150 993 162">
    <p class='ocr_par' dir='ltr' id='par_1_2' title="bbox 712 150 993 162">
     <span class='ocr_line' id='line_1_2' title="bbox 712 150 993 162; baseline 0 0"><span class='ocrx_word' id='word_1_2' title='bbox 712 150 993 162; x_wconf 95' lang='lat' dir='ltr'><strong> </strong></span> 
     </span>
    </p>
   </div>
   <div class='ocr_carea' id='block_1_3' title="bbox 61 221 1625 1885">
    <p class='ocr_par' dir='ltr' id='par_1_3' title="bbox 66 221 1625 562">
     <span class='ocr_line' id='line_1_3' title="bbox 139 221 1625 282; baseline -0.002 -14"><span class='ocrx_word' id='word_1_3' title='bbox 139 255 147 282; x_wconf 60' lang='lat'>3</span> <span class='ocrx_word' id='word_1_4' title='bbox 197 223 337 269; x_wconf 75' lang='lat' dir='ltr'><strong>Etim</strong></span> <span class='ocrx_word' id='word_1_5' title='bbox 379 221 499 266; x_wconf 84' lang='lat' dir='ltr'><strong>latini</strong></span> <span class='ocrx_word' id='word_1_6' title='bbox 542 222 736 266; x_wconf 85' lang='lat' dir='ltr'><strong>sermonis</strong></span> <span class='ocrx_word' id='word_1_7' title='bbox 781 221 934 266; x_wconf 80' lang='lat' dir='ltr'><strong>similia</strong></span> <span class='ocrx_word' id='word_1_8' title='bbox 978 222 1021 265; x_wconf 90' lang='lat' dir='ltr'><strong>et</strong></span> <span class='ocrx_word' id='word_1_9' title='bbox 1057 233 1105 265; x_wconf 84' lang='lat' dir='ltr'><strong>ea</strong></span> <span class='ocrx_word' id='word_1_10' title='bbox 1144 221 1309 278; x_wconf 83' lang='lat' dir='ltr'><strong>quidem</strong></span> <span class='ocrx_word' id='word_1_11' title='bbox 1352 221 1625 267; x_wconf 84' lang='lat' dir='ltr'><strong>usitatissima</strong></span> 
     </span>
     <span class='ocr_line' id='line_1_4' title="bbox 80 289 1624 350; baseline -0.001 -12"><span class='ocrx_word' id='word_1_12' title='bbox 80 293 346 349; x_wconf 74' lang='lat' dir='ltr'><strong>scriptoribus</strong></span> <span class='ocrx_word' id='word_1_13' title='bbox 376 289 560 348; x_wconf 80' lang='lat' dir='ltr'><strong>exempla</strong></span> <span class='ocrx_word' id='word_1_14' title='bbox 587 293 844 348; x_wconf 83' lang='lat' dir='ltr'><strong>reperiuntur</strong></span> <span class='ocrx_word' id='word_1_15' title='bbox 873 318 932 326; x_wconf 89' lang='lat'>—</span> <span class='ocrx_word' id='word_1_16' title='bbox 961 292 1026 337; x_wconf 85' lang='lat' dir='ltr'><strong>fac</strong></span> <span class='ocrx_word' id='word_1_17' title='bbox 1055 293 1197 350; x_wconf 73' lang='lat' dir='ltr'><strong>abeas,</strong></span> <span class='ocrx_word' id='word_1_18' title='bbox 1228 293 1304 337; x_wconf 90' lang='lat' dir='ltr'><strong>hoc</strong></span> <span class='ocrx_word' id='word_1_19' title='bbox 1342 292 1470 336; x_wconf 83' lang='lat' dir='ltr'><strong>facias</strong></span> <span class='ocrx_word' id='word_1_20' title='bbox 1499 292 1624 336; x_wconf 88' lang='lat' dir='ltr'><strong>velim</strong></span> 
     </span>
     <span class='ocr_line' id='line_1_5' title="bbox 81 361 1623 420; baseline -0.002 -12"><span class='ocrx_word' id='word_1_21' title='bbox 81 361 259 420; x_wconf 85' lang='lat' dir='ltr'><strong>(necesse</strong></span> <span class='ocrx_word' id='word_1_22' title='bbox 289 363 384 420; x_wconf 87' lang='lat' dir='ltr'><strong>est),</strong></span> <span class='ocrx_word' id='word_1_23' title='bbox 415 362 592 406; x_wconf 81' lang='lat' dir='ltr'><strong>similia..</strong></span> <span class='ocrx_word' id='word_1_24' title='bbox 642 361 918 419; x_wconf 80' lang='lat' dir='ltr'><strong>conjungendi</strong></span> <span class='ocrx_word' id='word_1_25' title='bbox 947 361 1150 418; x_wconf 82' lang='lat' dir='ltr'><strong>quandam</strong></span> <span class='ocrx_word' id='word_1_26' title='bbox 1178 362 1265 407; x_wconf 87' lang='lat' dir='ltr'><strong>vim</strong></span> <span class='ocrx_word' id='word_1_27' title='bbox 1293 363 1499 406; x_wconf 85' lang='lat' dir='ltr'><strong>inhaerere</strong></span> <span class='ocrx_word' id='word_1_28' title='bbox 1530 374 1623 406; x_wconf 87' lang='lat' dir='ltr'><strong>eon-</strong></span> 
     </span>
     <span class='ocr_line' id='line_1_6' title="bbox 66 433 1623 490; baseline -0.001 -12"><span class='ocrx_word' id='word_1_29' title='bbox 66 433 266 489; x_wconf 74' lang='lat' dir='ltr'><strong>junctivov</strong></span> <span class='ocrx_word' id='word_1_30' title='bbox 295 433 383 490; x_wconf 83' lang='lat' dir='ltr'><strong>jam</strong></span> <span class='ocrx_word' id='word_1_31' title='bbox 427 433 687 489; x_wconf 73' lang='lat' dir='ltr'><strong>grammatici</strong></span> <span class='ocrx_word' id='word_1_32' title='bbox 730 434 886 477; x_wconf 84' lang='lat' dir='ltr'><strong>veteres</strong></span> <span class='ocrx_word' id='word_1_33' title='bbox 930 433 1083 488; x_wconf 86' lang='lat' dir='ltr'><strong>optime</strong></span> <span class='ocrx_word' id='word_1_34' title='bbox 1119 435 1424 488; x_wconf 62' lang='lat' dir='ltr'><strong>perspexerunt,</strong></span> <span class='ocrx_word' id='word_1_35' title='bbox 1463 434 1500 477; x_wconf 92' lang='lat' dir='ltr'><strong>si</strong></span> <span class='ocrx_word' id='word_1_36' title='bbox 1530 445 1623 476; x_wconf 90' lang='lat' dir='ltr'><strong>eum</strong></span> 
     </span>
     <span class='ocr_line' id='line_1_7' title="bbox 79 503 822 562; baseline -0.001 -15"><span class='ocrx_word' id='word_1_37' title='bbox 79 503 327 562; x_wconf 70' lang='grc' dir='ltr'><strong>ὑποτατηκήν</strong></span> <span class='ocrx_word' id='word_1_38' title='bbox 348 503 576 558; x_wconf 78' lang='lat' dir='ltr'><strong>appellant.</strong></span> <span class='ocrx_word' id='word_1_39' title='bbox 597 504 626 559; x_wconf 88' lang='lat'><strong>¹)</strong></span> <span class='ocrx_word' id='word_1_40' title='bbox 820 524 822 526; x_wconf 56' lang='lat'>&gt;</span> 
     </span>
    </p>

    <p class='ocr_par' dir='ltr' id='par_1_4' title="bbox 68 573 1620 1677">
     <span class='ocr_line' id='line_1_8' title="bbox 135 573 1619 630; baseline -0.001 -12"><span class='ocrx_word' id='word_1_41' title='bbox 135 604 148 607; x_wconf 26' lang='lat'><strong>⁷*</strong></span> <span class='ocrx_word' id='word_1_42' title='bbox 197 574 247 630; x_wconf 84' lang='lat'><strong>2)</strong></span> <span class='ocrx_word' id='word_1_43' title='bbox 273 574 587 618; x_wconf 89' lang='lat' dir='ltr'><strong>Pronomine</strong></span> <span class='ocrx_word' id='word_1_44' title='bbox 616 573 850 617; x_wconf 88' lang='lat' dir='ltr'><strong>relativo</strong></span> <span class='ocrx_word' id='word_1_45' title='bbox 886 573 1166 617; x_wconf 88' lang='lat' dir='ltr'><strong>enuntiata</strong></span> <span class='ocrx_word' id='word_1_46' title='bbox 1197 574 1619 618; x_wconf 78' lang='lat' dir='ltr'>conectebantur.</span> 
     </span>
     <span class='ocr_line' id='line_1_9' title="bbox 79 644 1618 701; baseline -0.001 -13"><span class='ocrx_word' id='word_1_47' title='bbox 79 644 293 688; x_wconf 78' lang='lat' dir='ltr'><strong>Windisch</strong></span> <span class='ocrx_word' id='word_1_48' title='bbox 335 644 724 701; x_wconf 85' lang='lat' dir='ltr'><strong>„Untersuchungen</strong></span> <span class='ocrx_word' id='word_1_49' title='bbox 763 644 862 687; x_wconf 86' lang='lat' dir='ltr'><strong>iiber</strong></span> <span class='ocrx_word' id='word_1_50' title='bbox 891 644 930 688; x_wconf 83' lang='lat' dir='ltr'><strong>d.</strong></span> <span class='ocrx_word' id='word_1_51' title='bbox 962 644 1050 689; x_wconf 87' lang='lat' dir='ltr'><strong>ReL</strong></span> <span class='ocrx_word' id='word_1_52' title='bbox 1082 656 1193 700; x_wconf 86' lang='lat' dir='ltr'><strong>pron.</strong></span> <span class='ocrx_word' id='word_1_53' title='bbox 1226 645 1268 688; x_wconf 92' lang='lat' dir='ltr'><strong>in</strong></span> <span class='ocrx_word' id='word_1_54' title='bbox 1298 644 1369 687; x_wconf 87' lang='lat' dir='ltr'><strong>der</strong></span> <span class='ocrx_word' id='word_1_55' title='bbox 1397 644 1618 701; x_wconf 86' lang='lat' dir='ltr'><strong>indogerm.</strong></span> 
     </span>
     <span class='ocr_line' id='line_1_10' title="bbox 77 713 1619 771; baseline 0 -13"><span class='ocrx_word' id='word_1_56' title='bbox 77 713 294 771; x_wconf 86' lang='lat' dir='ltr'><strong>Sprache“‚</strong></span> <span class='ocrx_word' id='word_1_57' title='bbox 325 715 378 757; x_wconf 43' lang='lat' dir='ltr'><strong>*in</strong></span> <span class='ocrx_word' id='word_1_58' title='bbox 408 714 573 758; x_wconf 79' lang='lat' dir='ltr'><strong>Curtius</strong></span> <span class='ocrx_word' id='word_1_59' title='bbox 614 714 812 767; x_wconf 79' lang='lat' dir='ltr'><strong>„Studien</strong></span> <span class='ocrx_word' id='word_1_60' title='bbox 841 728 912 758; x_wconf 84' lang='lat' dir='ltr'><strong>zur</strong></span> <span class='ocrx_word' id='word_1_61' title='bbox 942 715 1090 770; x_wconf 78' lang='lat' dir='ltr'><strong>griech.</strong></span> <span class='ocrx_word' id='word_1_62' title='bbox 1123 715 1206 757; x_wconf 88' lang='lat' dir='ltr'><strong>und</strong></span> <span class='ocrx_word' id='word_1_63' title='bbox 1235 715 1375 758; x_wconf 87' lang='lat' dir='ltr'><strong>latein.</strong></span> <span class='ocrx_word' id='word_1_64' title='bbox 1408 714 1619 759; x_wconf 85' lang='lat' dir='ltr'><strong>Gramm.“</strong></span> 
     </span>
     <span class='ocr_line' id='line_1_11' title="bbox 77 785 1620 840; baseline 0.001 -13"><span class='ocrx_word' id='word_1_65' title='bbox 77 785 389 837; x_wconf 85' lang='lat' dir='ltr'><strong>demonstravit,</strong></span> <span class='ocrx_word' id='word_1_66' title='bbox 432 785 650 840; x_wconf 81' lang='lat' dir='ltr'><strong>genuinam</strong></span> <span class='ocrx_word' id='word_1_67' title='bbox 690 785 934 840; x_wconf 86' lang='lat' dir='ltr'><strong>pronominis</strong></span> <span class='ocrx_word' id='word_1_68' title='bbox 978 785 1141 828; x_wconf 80' lang='lat' dir='ltr'><strong>relativi</strong></span> <span class='ocrx_word' id='word_1_69' title='bbox 1170 785 1373 828; x_wconf 90' lang='lat' dir='ltr'><strong>notionem</strong></span> <span class='ocrx_word' id='word_1_70' title='bbox 1404 785 1620 829; x_wconf 84' lang='lat' dir='ltr'><strong>deicticam</strong></span> 
     </span>
     <span class='ocr_line' id='line_1_12' title="bbox 75 848 1620 910; baseline 0 -12"><span class='ocrx_word' id='word_1_71' title='bbox 75 855 221 907; x_wconf 86' lang='lat' dir='ltr'><strong>fuisse,</strong></span> <span class='ocrx_word' id='word_1_72' title='bbox 260 855 367 897; x_wconf 87' lang='lat' dir='ltr'><strong>inter</strong></span> <span class='ocrx_word' id='word_1_73' title='bbox 406 867 529 909; x_wconf 88' lang='lat' dir='ltr'><strong>quam</strong></span> <span class='ocrx_word' id='word_1_74' title='bbox 560 848 781 897; x_wconf 62' lang='lat' dir='ltr'><strong>&#39;deicticam</strong></span> <span class='ocrx_word' id='word_1_75' title='bbox 820 854 1214 910; x_wconf 86' lang='lat' dir='ltr'><strong>(demonstrativam)</strong></span> <span class='ocrx_word' id='word_1_76' title='bbox 1245 856 1287 898; x_wconf 90' lang='lat' dir='ltr'><strong>et</strong></span> <span class='ocrx_word' id='word_1_77' title='bbox 1315 855 1532 898; x_wconf 87' lang='lat' dir='ltr'><strong>relativam</strong></span> <span class='ocrx_word' id='word_1_78' title='bbox 1563 880 1620 887; x_wconf 97' lang='lat'><strong>—</strong></span> 
     </span>
     <span class='ocr_line' id='line_1_13' title="bbox 75 924 1619 980; baseline 0 -12"><span class='ocrx_word' id='word_1_79' title='bbox 75 937 184 976; x_wconf 84' lang='lat' dir='ltr'><strong>eam,</strong></span> <span class='ocrx_word' id='word_1_80' title='bbox 231 937 333 979; x_wconf 89' lang='lat' dir='ltr'><strong>quae</strong></span> <span class='ocrx_word' id='word_1_81' title='bbox 376 926 517 979; x_wconf 88' lang='lat' dir='ltr'><strong>postea</strong></span> <span class='ocrx_word' id='word_1_82' title='bbox 567 925 647 966; x_wconf 90' lang='lat' dir='ltr'><strong>huc</strong></span> <span class='ocrx_word' id='word_1_83' title='bbox 691 925 871 979; x_wconf 84' lang='lat' dir='ltr'><strong>profecta</strong></span> <span class='ocrx_word' id='word_1_84' title='bbox 914 926 976 967; x_wconf 89' lang='lat' dir='ltr'><strong>est</strong></span> <span class='ocrx_word' id='word_1_85' title='bbox 1022 948 1076 955; x_wconf 94' lang='lat'><strong>—</strong></span> <span class='ocrx_word' id='word_1_86' title='bbox 1123 924 1463 980; x_wconf 87' lang='lat' dir='ltr'><strong>significationem</strong></span> <span class='ocrx_word' id='word_1_87' title='bbox 1508 925 1619 969; x_wconf 90' lang='lat' dir='ltr'><strong>notio</strong></span> 
     </span>
     <span class='ocr_line' id='line_1_14' title="bbox 75 987 1616 1050; baseline 0 -13"><span class='ocrx_word' id='word_1_88' title='bbox 75 987 471 1050; x_wconf 74' lang='lat' dir='ltr'><strong>,‚anaph0rica‘&#39;⁴</strong></span> <span class='ocrx_word' id='word_1_89' title='bbox 517 995 813 1047; x_wconf 85' lang='lat' dir='ltr'><strong>intercessoris,</strong></span> <span class='ocrx_word' id='word_1_90' title='bbox 845 995 893 1037; x_wconf 91' lang='lat' dir='ltr'><strong>ut</strong></span> <span class='ocrx_word' id='word_1_91' title='bbox 936 995 995 1038; x_wconf 90' lang='lat' dir='ltr'><strong>ita</strong></span> <span class='ocrx_word' id='word_1_92' title='bbox 1036 994 1188 1046; x_wconf 85' lang='lat' dir='ltr'><strong>dicam,</strong></span> <span class='ocrx_word' id='word_1_93' title='bbox 1221 995 1441 1049; x_wconf 73' lang='lat' dir='ltr'><strong>susceperit</strong></span> <span class='ocrx_word' id='word_1_94' title='bbox 1469 996 1616 1050; x_wconf 87' lang='lat' dir='ltr'><strong>partes.</strong></span> 
     </span>
     <span class='ocr_line' id='line_1_15' title="bbox 72 1064 1619 1125; baseline 0 -18"><span class='ocrx_word' id='word_1_95' title='bbox 72 1064 122 1107; x_wconf 90' lang='lat' dir='ltr'><strong>In</strong></span> <span class='ocrx_word' id='word_1_96' title='bbox 150 1064 319 1108; x_wconf 87' lang='lat' dir='ltr'><strong>Homeri</strong></span> <span class='ocrx_word' id='word_1_97' title='bbox 350 1064 597 1107; x_wconf 78' lang='lat' dir='ltr'><strong>carminibus</strong></span> <span class='ocrx_word' id='word_1_98' title='bbox 617 1066 788 1119; x_wconf 85' lang='lat' dir='ltr'><strong>utraque</strong></span> <span class='ocrx_word' id='word_1_99' title='bbox 807 1065 917 1107; x_wconf 91' lang='lat' dir='ltr'><strong>notio</strong></span> <span class='ocrx_word' id='word_1_100' title='bbox 944 1065 1189 1119; x_wconf 85' lang='lat' dir='ltr'><strong>pronominis</strong></span> <span class='ocrx_word' id='word_1_101' title='bbox 1221 1065 1275 1116; x_wconf 80' lang='grc' dir='ltr'><strong>ὅς,</strong></span> <span class='ocrx_word' id='word_1_102' title='bbox 1308 1065 1345 1121; x_wconf 82' lang='grc' dir='ltr'><strong>ἦ,</strong></span> <span class='ocrx_word' id='word_1_103' title='bbox 1379 1065 1407 1125; x_wconf 66' lang='grc' dir='ltr'><em>ᾇ</em></span> <span class='ocrx_word' id='word_1_104' title='bbox 1432 1076 1619 1119; x_wconf 78' lang='lat' dir='ltr'><strong>persaepe</strong></span> 
     </span>
     <span class='ocr_line' id='line_1_16' title="bbox 73 1133 1618 1189; baseline -0.001 -12"><span class='ocrx_word' id='word_1_105' title='bbox 73 1134 225 1177; x_wconf 89' lang='lat' dir='ltr'><strong>secerni</strong></span> <span class='ocrx_word' id='word_1_106' title='bbox 254 1147 331 1177; x_wconf 90' lang='lat' dir='ltr'><strong>non</strong></span> <span class='ocrx_word' id='word_1_107' title='bbox 363 1135 510 1189; x_wconf 84' lang='lat' dir='ltr'><strong>potest,</strong></span> <span class='ocrx_word' id='word_1_108' title='bbox 558 1135 670 1189; x_wconf 89' lang='lat' dir='ltr'><strong>cujus</strong></span> <span class='ocrx_word' id='word_1_109' title='bbox 714 1133 903 1189; x_wconf 84' lang='lat' dir='ltr'><strong>loquendi</strong></span> <span class='ocrx_word' id='word_1_110' title='bbox 948 1145 1044 1177; x_wconf 86' lang='lat' dir='ltr'><strong>usus</strong></span> <span class='ocrx_word' id='word_1_111' title='bbox 1086 1134 1267 1189; x_wconf 86' lang='lat' dir='ltr'><strong>exempla</strong></span> <span class='ocrx_word' id='word_1_112' title='bbox 1308 1134 1449 1177; x_wconf 87' lang='lat' dir='ltr'><strong>afferre</strong></span> <span class='ocrx_word' id='word_1_113' title='bbox 1480 1147 1618 1189; x_wconf 88' lang='lat' dir='ltr'><strong>super-</strong></span> 
     </span>
     <span class='ocr_line' id='line_1_17' title="bbox 71 1204 1618 1259; baseline -0.001 -12"><span class='ocrx_word' id='word_1_114' title='bbox 71 1215 293 1247; x_wconf 80' lang='lat' dir='ltr'><strong>vacaneum</strong></span> <span class='ocrx_word' id='word_1_115' title='bbox 336 1204 516 1256; x_wconf 85' lang='lat' dir='ltr'><strong>videtur,</strong></span> <span class='ocrx_word' id='word_1_116' title='bbox 549 1217 674 1258; x_wconf 89' lang='lat' dir='ltr'><strong>quum</strong></span> <span class='ocrx_word' id='word_1_117' title='bbox 719 1204 860 1257; x_wconf 88' lang='lat' dir='ltr'><strong>quavis</strong></span> <span class='ocrx_word' id='word_1_118' title='bbox 906 1204 988 1245; x_wconf 89' lang='lat' dir='ltr'><strong>fere</strong></span> <span class='ocrx_word' id='word_1_119' title='bbox 1018 1205 1166 1259; x_wconf 88' lang='lat' dir='ltr'><strong>pagina</strong></span> <span class='ocrx_word' id='word_1_120' title='bbox 1196 1206 1418 1247; x_wconf 86' lang='lat' dir='ltr'><strong>occurrant.</strong></span> <span class='ocrx_word' id='word_1_121' title='bbox 1479 1204 1618 1246; x_wconf 88' lang='lat' dir='ltr'><strong>Enun-</strong></span> 
     </span>
     <span class='ocr_line' id='line_1_18' title="bbox 71 1273 1611 1329; baseline 0 -13"><span class='ocrx_word' id='word_1_122' title='bbox 71 1273 263 1317; x_wconf 84' lang='lat' dir='ltr'><strong>tiationes</strong></span> <span class='ocrx_word' id='word_1_123' title='bbox 308 1274 502 1316; x_wconf 78' lang='lat' dir='ltr'><strong>relativae</strong></span> <span class='ocrx_word' id='word_1_124' title='bbox 547 1286 642 1328; x_wconf 88' lang='lat' dir='ltr'><strong>ergo</strong></span> <span class='ocrx_word' id='word_1_125' title='bbox 687 1273 818 1327; x_wconf 89' lang='lat' dir='ltr'><strong>primo</strong></span> <span class='ocrx_word' id='word_1_126' title='bbox 863 1274 1088 1322; x_wconf 78' lang='grc' dir='ltr'><em>ἀσυνδέτως</em></span> <span class='ocrx_word' id='word_1_127' title='bbox 1129 1274 1473 1329; x_wconf 75' lang='lat' dir='ltr'><strong>adjimgebantur‚</strong></span> <span class='ocrx_word' id='word_1_128' title='bbox 1504 1274 1545 1317; x_wconf 90' lang='lat' dir='ltr'><strong>h.</strong></span> <span class='ocrx_word' id='word_1_129' title='bbox 1578 1287 1611 1316; x_wconf 89' lang='lat' dir='ltr'><strong>e.</strong></span> 
     </span>
     <span class='ocr_line' id='line_1_19' title="bbox 71 1333 1614 1401; baseline 0.001 -16"><span class='ocrx_word' id='word_1_130' title='bbox 71 1344 185 1385; x_wconf 85' lang='lat' dir='ltr'><strong>erant</strong></span> <span class='ocrx_word' id='word_1_131' title='bbox 214 1344 435 1387; x_wconf 86' lang='lat' dir='ltr'><strong>sententiae</strong></span> <span class='ocrx_word' id='word_1_132' title='bbox 465 1333 716 1398; x_wconf 84' lang='lat' dir='ltr'><strong>principales.</strong></span> <span class='ocrx_word' id='word_1_133' title='bbox 779 1342 913 1395; x_wconf 82' lang='lat' dir='ltr'><strong>Quum</strong></span> <span class='ocrx_word' id='word_1_134' title='bbox 952 1343 1247 1398; x_wconf 89' lang='lat' dir='ltr'><strong>conjunctiones</strong></span> <span class='ocrx_word' id='word_1_135' title='bbox 1278 1344 1346 1393; x_wconf 83' lang='grc' dir='ltr'><strong>ὡς,</strong></span> <span class='ocrx_word' id='word_1_136' title='bbox 1377 1343 1456 1394; x_wconf 79' lang='grc' dir='ltr'><em>ἵνα,</em></span> <span class='ocrx_word' id='word_1_137' title='bbox 1489 1342 1614 1401; x_wconf 70' lang='grc' dir='ltr'><strong><em>ὄφρα,</em></strong></span> 
     </span>
     <span class='ocr_line' id='line_1_20' title="bbox 70 1412 1615 1471; baseline 0.001 -17"><span class='ocrx_word' id='word_1_138' title='bbox 70 1412 199 1462; x_wconf 80' lang='grc' dir='ltr'><strong><em>ὅπως,</em></strong></span> <span class='ocrx_word' id='word_1_139' title='bbox 231 1414 318 1462; x_wconf 77' lang='grc' dir='ltr'><strong><em>ὅτε,</em></strong></span> <span class='ocrx_word' id='word_1_140' title='bbox 357 1414 525 1463; x_wconf 80' lang='grc' dir='ltr'><em>ὁππότε,</em></span> <span class='ocrx_word' id='word_1_141' title='bbox 567 1412 679 1463; x_wconf 83' lang='grc' dir='ltr'><em>εὖτε,</em></span> <span class='ocrx_word' id='word_1_142' title='bbox 720 1413 818 1471; x_wconf 75' lang='grc' dir='ltr'><em>ἦμος</em></span> <span class='ocrx_word' id='word_1_143' title='bbox 851 1426 934 1456; x_wconf 64' lang='lat' dir='ltr'><strong>non,</strong></span> <span class='ocrx_word' id='word_1_144' title='bbox 966 1413 1046 1455; x_wconf 87' lang='lat' dir='ltr'><strong>nisi</strong></span> <span class='ocrx_word' id='word_1_145' title='bbox 1085 1425 1200 1456; x_wconf 78' lang='lat' dir='ltr'><strong>casus</strong></span> <span class='ocrx_word' id='word_1_146' title='bbox 1241 1413 1323 1455; x_wconf 82' lang='lat' dir='ltr'><strong>sint</strong></span> <span class='ocrx_word' id='word_1_147' title='bbox 1367 1413 1615 1467; x_wconf 80' lang='lat' dir='ltr'><strong>pronominis</strong></span> 
     </span>
     <span class='ocr_line' id='line_1_21' title="bbox 70 1482 1615 1538; baseline 0.001 -13"><span class='ocrx_word' id='word_1_148' title='bbox 70 1482 246 1535; x_wconf 74' lang='lat' dir='ltr'><strong>relativi,</strong></span> <span class='ocrx_word' id='word_1_149' title='bbox 260 1504 264 1508; x_wconf 87' lang='lat'><em>-</em></span> <span class='ocrx_word' id='word_1_150' title='bbox 278 1495 345 1526; x_wconf 90' lang='lat' dir='ltr'><strong>eas</strong></span> <span class='ocrx_word' id='word_1_151' title='bbox 382 1495 539 1538; x_wconf 87' lang='lat' dir='ltr'><strong>quoque</strong></span> <span class='ocrx_word' id='word_1_152' title='bbox 570 1483 865 1526; x_wconf 87' lang='lat' dir='ltr'><strong>enuntiationes</strong></span> <span class='ocrx_word' id='word_1_153' title='bbox 911 1483 975 1526; x_wconf 86' lang='lat' dir='ltr'><strong>his</strong></span> <span class='ocrx_word' id='word_1_154' title='bbox 1014 1483 1362 1538; x_wconf 87' lang='lat' dir='ltr'><strong>conjunctionibus</strong></span> <span class='ocrx_word' id='word_1_155' title='bbox 1398 1483 1615 1527; x_wconf 65' lang='lat' dir='ltr'><strong>&#39;institutas</strong></span> 
     </span>
     <span class='ocr_line' id='line_1_22' title="bbox 68 1553 1613 1609; baseline 0.001 -15"><span class='ocrx_word' id='word_1_156' title='bbox 68 1553 186 1595; x_wconf 91' lang='lat' dir='ltr'><strong>initio</strong></span> <span class='ocrx_word' id='word_1_157' title='bbox 226 1553 467 1607; x_wconf 84' lang='lat' dir='ltr'><strong>principales</strong></span> <span class='ocrx_word' id='word_1_158' title='bbox 507 1553 631 1596; x_wconf 85' lang='lat' dir='ltr'><strong>fuisse</strong></span> <span class='ocrx_word' id='word_1_159' title='bbox 671 1554 859 1607; x_wconf 81' lang='lat' dir='ltr'><strong>apparet3</strong></span> <span class='ocrx_word' id='word_1_160' title='bbox 899 1565 973 1595; x_wconf 88' lang='lat' dir='ltr'><strong>nec</strong></span> <span class='ocrx_word' id='word_1_161' title='bbox 1009 1553 1130 1595; x_wconf 87' lang='lat' dir='ltr'><strong>aliter</strong></span> <span class='ocrx_word' id='word_1_162' title='bbox 1171 1553 1219 1595; x_wconf 88' lang='lat' dir='ltr'><strong>de</strong></span> <span class='ocrx_word' id='word_1_163' title='bbox 1259 1553 1479 1596; x_wconf 86' lang='lat' dir='ltr'><strong>enuntiatis</strong></span> <span class='ocrx_word' id='word_1_164' title='bbox 1511 1553 1613 1609; x_wconf 78' lang='grc' dir='ltr'><strong><em>πρίν,</em></strong></span> 
     </span>
     <span class='ocr_line' id='line_1_23' title="bbox 68 1621 1145 1677; baseline 0.001 -14"><span class='ocrx_word' id='word_1_165' title='bbox 68 1621 167 1672; x_wconf 83' lang='grc' dir='ltr'>ἐπεί,</span> <span class='ocrx_word' id='word_1_166' title='bbox 198 1622 235 1663; x_wconf 78' lang='grc' dir='ltr'><strong>εἰ</strong></span> <span class='ocrx_word' id='word_1_167' title='bbox 264 1622 609 1677; x_wconf 86' lang='lat' dir='ltr'><strong>conjunctionibus</strong></span> <span class='ocrx_word' id='word_1_168' title='bbox 639 1622 841 1665; x_wconf 87' lang='lat' dir='ltr'><strong>institutis</strong></span> <span class='ocrx_word' id='word_1_169' title='bbox 873 1621 1145 1677; x_wconf 87' lang='lat' dir='ltr'><strong>cogitandum.</strong></span> 
     </span>
    </p>

    <p class='ocr_par' dir='ltr' id='par_1_5' title="bbox 61 1690 1613 1885">
     <span class='ocr_line' id='line_1_24' title="bbox 149 1690 1613 1746; baseline 0.001 -12"><span class='ocrx_word' id='word_1_170' title='bbox 149 1706 152 1710; x_wconf 74' lang='grc'><strong>’</strong></span> <span class='ocrx_word' id='word_1_171' title='bbox 185 1691 230 1746; x_wconf 88' lang='grc'><strong>3)</strong></span> <span class='ocrx_word' id='word_1_172' title='bbox 280 1690 644 1744; x_wconf 84' lang='lat' dir='ltr'><strong>Correlatione</strong></span> <span class='ocrx_word' id='word_1_173' title='bbox 705 1692 1121 1735; x_wconf 88' lang='lat' dir='ltr'><strong>conectebantur</strong></span> <span class='ocrx_word' id='word_1_174' title='bbox 1185 1704 1353 1734; x_wconf 90' lang='lat' dir='ltr'><strong>secum</strong></span> <span class='ocrx_word' id='word_1_175' title='bbox 1403 1692 1613 1735; x_wconf 86' lang='lat' dir='ltr'><strong>enuntiata</strong></span> 
     </span>
     <span class='ocr_line' id='line_1_25' title="bbox 65 1761 1613 1817; baseline 0.001 -14"><span class='ocrx_word' id='word_1_176' title='bbox 65 1773 254 1817; x_wconf 87' lang='lat' dir='ltr'><strong>persaepe</strong></span> <span class='ocrx_word' id='word_1_177' title='bbox 295 1761 474 1805; x_wconf 89' lang='lat' dir='ltr'><strong>medium</strong></span> <span class='ocrx_word' id='word_1_178' title='bbox 515 1763 675 1805; x_wconf 87' lang='lat' dir='ltr'><strong>tenente</strong></span> <span class='ocrx_word' id='word_1_179' title='bbox 717 1762 822 1804; x_wconf 88' lang='lat' dir='ltr'><strong>inter</strong></span> <span class='ocrx_word' id='word_1_180' title='bbox 860 1762 1069 1816; x_wconf 75' lang='lat' dir='ltr'><strong>parataxin</strong></span> <span class='ocrx_word' id='word_1_181' title='bbox 1099 1763 1141 1805; x_wconf 90' lang='lat' dir='ltr'><strong>et</strong></span> <span class='ocrx_word' id='word_1_182' title='bbox 1170 1761 1386 1816; x_wconf 83' lang='lat' dir='ltr'><strong>hypotaxin</strong></span> <span class='ocrx_word' id='word_1_183' title='bbox 1400 1795 1410 1814; x_wconf 87' lang='lat'>‚</span> <span class='ocrx_word' id='word_1_184' title='bbox 1443 1761 1493 1805; x_wconf 89' lang='lat' dir='ltr'><strong>de</strong></span> <span class='ocrx_word' id='word_1_185' title='bbox 1533 1775 1613 1816; x_wconf 88' lang='lat' dir='ltr'><strong>qua</strong></span> 
     </span>
     <span class='ocr_line' id='line_1_26' title="bbox 61 1831 745 1885; baseline 0 -12"><span class='ocrx_word' id='word_1_186' title='bbox 61 1831 149 1884; x_wconf 85' lang='lat' dir='ltr'><strong>jam</strong></span> <span class='ocrx_word' id='word_1_187' title='bbox 179 1844 300 1885; x_wconf 86' lang='lat' dir='ltr'><strong>supra</strong></span> <span class='ocrx_word' id='word_1_188' title='bbox 331 1832 745 1873; x_wconf 87' lang='lat' dir='ltr'><strong>commemoravimus.</strong></span> 
     </span>
    </p>
   </div>
   <div class='ocr_carea' id='block_1_4' title="bbox 306 1983 1377 2130">
    <p class='ocr_par' dir='ltr' id='par_1_6' title="bbox 306 1983 1377 2130">
     <span class='ocr_line' id='line_1_27' title="bbox 770 1983 856 2025; baseline 0.012 -1"><span class='ocrx_word' id='word_1_189' title='bbox 770 2016 795 2024; x_wconf 74' lang='grc'><strong>.,</strong></span> <span class='ocrx_word' id='word_1_190' title='bbox 823 1983 856 2025; x_wconf 95' lang='grc' dir='ltr'><strong>Ι.</strong></span> 
     </span>
     <span class='ocr_line' id='line_1_28' title="bbox 306 2073 1377 2130; baseline 0.001 -11"><span class='ocrx_word' id='word_1_191' title='bbox 306 2073 579 2130; x_wconf 69' lang='lat' dir='ltr'><strong>conjunctivus</strong></span> <span class='ocrx_word' id='word_1_192' title='bbox 611 2076 651 2119; x_wconf 81' lang='lat' dir='ltr'><strong>et</strong></span> <span class='ocrx_word' id='word_1_193' title='bbox 679 2073 845 2120; x_wconf 69' lang='lat' dir='ltr'><strong>iuturus·</strong></span> <span class='ocrx_word' id='word_1_194' title='bbox 877 2075 915 2119; x_wconf 74' lang='lat' dir='ltr'><strong>ia</strong></span> <span class='ocrx_word' id='word_1_195' title='bbox 947 2075 1157 2120; x_wconf 70' lang='lat' dir='ltr'><strong>enuntiatis</strong></span> <span class='ocrx_word' id='word_1_196' title='bbox 1188 2074 1377 2120; x_wconf 69' lang='lat' dir='ltr'><strong>relativis.</strong></span> 
     </span>
    </p>
   </div>
   <div class='ocr_carea' id='block_1_5' title="bbox 186 2189 1487 2246">
    <p class='ocr_par' dir='ltr' id='par_1_7' title="bbox 186 2189 1487 2246">
     <span class='ocr_line' id='line_1_29' title="bbox 186 2189 1487 2246; baseline 0.002 -14"><span class='ocrx_word' id='word_1_197' title='bbox 186 2193 222 2233; x_wconf 90' lang='lat'><strong>1.</strong></span> <span class='ocrx_word' id='word_1_198' title='bbox 255 2201 290 2232; x_wconf 89' lang='lat' dir='ltr'><strong>a.</strong></span> <span class='ocrx_word' id='word_1_199' title='bbox 324 2205 362 2232; x_wconf 85' lang='grc' dir='ltr'><strong>α.</strong></span> <span class='ocrx_word' id='word_1_200' title='bbox 406 2189 783 2246; x_wconf 80' lang='lat' dir='ltr'><strong>Coniunctivus</strong></span> <span class='ocrx_word' id='word_1_201' title='bbox 813 2190 864 2233; x_wconf 89' lang='lat' dir='ltr'><strong>in</strong></span> <span class='ocrx_word' id='word_1_202' title='bbox 893 2190 1196 2234; x_wconf 85' lang='lat' dir='ltr'><strong>enuntiatis</strong></span> <span class='ocrx_word' id='word_1_203' title='bbox 1226 2191 1487 2234; x_wconf 88' lang='lat' dir='ltr'><strong>relativis.</strong></span> 
     </span>
    </p>
   </div>
   <div class='ocr_carea' id='block_1_6' title="bbox 34 2320 1605 2722">
    <p class='ocr_par' dir='ltr' id='par_1_8' title="bbox 56 2320 1605 2652">
     <span class='ocr_line' id='line_1_30' title="bbox 180 2320 1605 2375; baseline 0.003 -14"><span class='ocrx_word' id='word_1_204' title='bbox 180 2320 403 2365; x_wconf 77' lang='lat' dir='ltr'><strong>Enuntiata</strong></span> <span class='ocrx_word' id='word_1_205' title='bbox 447 2320 617 2362; x_wconf 86' lang='lat' dir='ltr'><strong>relativa</strong></span> <span class='ocrx_word' id='word_1_206' title='bbox 662 2320 772 2374; x_wconf 90' lang='lat' dir='ltr'><strong>prius</strong></span> <span class='ocrx_word' id='word_1_207' title='bbox 818 2321 936 2363; x_wconf 87' lang='lat' dir='ltr'><strong>enata</strong></span> <span class='ocrx_word' id='word_1_208' title='bbox 979 2332 1064 2364; x_wconf 86' lang='lat' dir='ltr'><strong>esse</strong></span> <span class='ocrx_word' id='word_1_209' title='bbox 1109 2332 1232 2375; x_wconf 90' lang='lat' dir='ltr'><strong>quam</strong></span> <span class='ocrx_word' id='word_1_210' title='bbox 1273 2322 1480 2365; x_wconf 85' lang='lat' dir='ltr'><strong>enuntiata</strong></span> <span class='ocrx_word' id='word_1_211' title='bbox 1511 2334 1605 2364; x_wconf 91' lang='lat' dir='ltr'><strong>con-</strong></span> 
     </span>
     <span class='ocr_line' id='line_1_31' title="bbox 56 2389 1604 2445; baseline 0.003 -15"><span class='ocrx_word' id='word_1_212' title='bbox 56 2389 334 2443; x_wconf 72' lang='lat' dir='ltr'><strong>jimctionibus</strong></span> <span class='ocrx_word' id='word_1_213' title='bbox 371 2389 562 2431; x_wconf 88' lang='lat' dir='ltr'><strong>instituta</strong></span> <span class='ocrx_word' id='word_1_214' title='bbox 574 2422 584 2440; x_wconf 88' lang='lat'>‚</span> <span class='ocrx_word' id='word_1_215' title='bbox 617 2402 742 2443; x_wconf 90' lang='lat' dir='ltr'><strong>quum</strong></span> <span class='ocrx_word' id='word_1_216' title='bbox 774 2402 820 2432; x_wconf 84' lang='lat' dir='ltr'><strong>ex</strong></span> <span class='ocrx_word' id='word_1_217' title='bbox 850 2402 895 2432; x_wconf 90' lang='lat' dir='ltr'><strong>eo</strong></span> <span class='ocrx_word' id='word_1_218' title='bbox 926 2390 1033 2444; x_wconf 88' lang='lat' dir='ltr'><strong>quod</strong></span> <span class='ocrx_word' id='word_1_219' title='bbox 1069 2391 1269 2444; x_wconf 87' lang='lat' dir='ltr'><strong>plurimae</strong></span> <span class='ocrx_word' id='word_1_220' title='bbox 1310 2391 1604 2445; x_wconf 79' lang='lat' dir='ltr'><strong>conjunctiones</strong></span> 
     </span>
     <span class='ocr_line' id='line_1_32' title="bbox 56 2447 1604 2514; baseline 0.001 -13"><span class='ocrx_word' id='word_1_221' title='bbox 56 2447 178 2501; x_wconf 52' lang='lat' dir='ltr'><strong>basus</strong></span> <span class='ocrx_word' id='word_1_222' title='bbox 208 2458 428 2508; x_wconf 84' lang='lat' dir='ltr'><strong>(ablativus</strong></span> <span class='ocrx_word' id='word_1_223' title='bbox 441 2491 451 2509; x_wconf 90' lang='lat'>‚</span> <span class='ocrx_word' id='word_1_224' title='bbox 482 2459 642 2510; x_wconf 82' lang='lat' dir='ltr'><strong>localis,</strong></span> <span class='ocrx_word' id='word_1_225' title='bbox 674 2459 1016 2510; x_wconf 83' lang='lat' dir='ltr'><strong>instrumentalis,</strong></span> <span class='ocrx_word' id='word_1_226' title='bbox 1049 2460 1320 2514; x_wconf 85' lang='lat' dir='ltr'><strong>accusativus)</strong></span> <span class='ocrx_word' id='word_1_227' title='bbox 1358 2461 1604 2514; x_wconf 89' lang='lat' dir='ltr'><strong>pronominis</strong></span> 
     </span>
     <span class='ocr_line' id='line_1_33' title="bbox 59 2527 1601 2584; baseline 0.003 -14"><span class='ocrx_word' id='word_1_228' title='bbox 59 2527 219 2570; x_wconf 83' lang='lat' dir='ltr'><strong>relativi</strong></span> <span class='ocrx_word' id='word_1_229' title='bbox 238 2551 297 2558; x_wconf 90' lang='lat'><em>-</em></span> <span class='ocrx_word' id='word_1_230' title='bbox 309 2527 355 2582; x_wconf 91' lang='lat' dir='ltr'><strong>ja</strong></span> <span class='ocrx_word' id='word_1_231' title='bbox 375 2529 470 2571; x_wconf 89' lang='lat' dir='ltr'><strong>sunt</strong></span> <span class='ocrx_word' id='word_1_232' title='bbox 491 2529 583 2571; x_wconf 89' lang='lat' dir='ltr'><strong>tum</strong></span> <span class='ocrx_word' id='word_1_233' title='bbox 602 2541 649 2571; x_wconf 86' lang='lat' dir='ltr'><strong>ex</strong></span> <span class='ocrx_word' id='word_1_234' title='bbox 669 2541 714 2571; x_wconf 90' lang='lat' dir='ltr'><strong>eo</strong></span> <span class='ocrx_word' id='word_1_235' title='bbox 737 2529 930 2583; x_wconf 87' lang='lat' dir='ltr'><strong>conjicere</strong></span> <span class='ocrx_word' id='word_1_236' title='bbox 947 2529 1056 2580; x_wconf 82' lang='lat' dir='ltr'><strong>licet,</strong></span> <span class='ocrx_word' id='word_1_237' title='bbox 1081 2529 1185 2583; x_wconf 90' lang='lat' dir='ltr'><strong>quod</strong></span> <span class='ocrx_word' id='word_1_238' title='bbox 1215 2528 1250 2571; x_wconf 89' lang='lat' dir='ltr'><strong>is</strong></span> <span class='ocrx_word' id='word_1_239' title='bbox 1279 2529 1470 2584; x_wconf 88' lang='lat' dir='ltr'><strong>loquendi</strong></span> <span class='ocrx_word' id='word_1_240' title='bbox 1490 2543 1601 2582; x_wconf 84' lang='lat' dir='ltr'><strong>usus,</strong></span> 
     </span>
     <span class='ocr_line' id='line_1_34' title="bbox 60 2596 1601 2652; baseline 0.003 -13"><span class='ocrx_word' id='word_1_241' title='bbox 60 2609 139 2652; x_wconf 89' lang='lat' dir='ltr'><strong>quo</strong></span> <span class='ocrx_word' id='word_1_242' title='bbox 158 2597 333 2639; x_wconf 91' lang='lat' dir='ltr'><strong>totum</strong></span> <span class='ocrx_word' id='word_1_243' title='bbox 352 2596 685 2640; x_wconf 87' lang='lat' dir='ltr'><strong>enuntiatum</strong></span> <span class='ocrx_word' id='word_1_244' title='bbox 704 2598 1026 2641; x_wconf 85' lang='lat' dir='ltr'><strong>antecedens</strong></span> <span class='ocrx_word' id='word_1_245' title='bbox 1048 2598 1270 2651; x_wconf 85' lang='lat' dir='ltr'><strong>explicatur</strong></span> <span class='ocrx_word' id='word_1_246' title='bbox 1289 2600 1460 2643; x_wconf 85' lang='lat' dir='ltr'><strong>relativa</strong></span> <span class='ocrx_word' id='word_1_247' title='bbox 1476 2613 1601 2643; x_wconf 89' lang='lat' dir='ltr'><strong>enun-</strong></span> 
     </span>
    </p>

    <p class='ocr_par' dir='ltr' id='par_1_9' title="bbox 34 2662 1601 2722">
     <span class='ocr_line' id='line_1_35' title="bbox 34 2662 1601 2722; baseline 0.002 -12"><span class='ocrx_word' id='word_1_248' title='bbox 34 2662 40 2666; x_wconf 63' lang='grc'><strong>”</strong></span> <span class='ocrx_word' id='word_1_249' title='bbox 58 2667 229 2711; x_wconf 81' lang='lat' dir='ltr'><strong>tiatione</strong></span> <span class='ocrx_word' id='word_1_250' title='bbox 247 2667 365 2722; x_wconf 91' lang='lat' dir='ltr'><strong>longe</strong></span> <span class='ocrx_word' id='word_1_251' title='bbox 385 2668 585 2721; x_wconf 88' lang='lat' dir='ltr'><strong>posterius</strong></span> <span class='ocrx_word' id='word_1_252' title='bbox 606 2668 734 2710; x_wconf 84' lang='lat' dir='ltr'><strong>evasit</strong></span> <span class='ocrx_word' id='word_1_253' title='bbox 754 2681 876 2722; x_wconf 90' lang='lat' dir='ltr'><strong>quam</strong></span> <span class='ocrx_word' id='word_1_254' title='bbox 896 2669 945 2720; x_wconf 82' lang='lat' dir='ltr'><strong>is,</strong></span> <span class='ocrx_word' id='word_1_255' title='bbox 967 2680 1045 2721; x_wconf 91' lang='lat' dir='ltr'><strong>quo</strong></span> <span class='ocrx_word' id='word_1_256' title='bbox 1065 2681 1216 2710; x_wconf 91' lang='lat' dir='ltr'><strong>unum</strong></span> <span class='ocrx_word' id='word_1_257' title='bbox 1238 2671 1437 2712; x_wconf 88' lang='lat' dir='ltr'><strong>tantum</strong></span> <span class='ocrx_word' id='word_1_258' title='bbox 1457 2672 1601 2713; x_wconf 84' lang='lat' dir='ltr'><strong>ante-</strong></span> 
     </span>
    </p>
   </div>
   <div class='ocr_carea' id='block_1_7' title="bbox 103 2817 1081 2865">
    <p class='ocr_par' dir='ltr' id='par_1_10' title="bbox 103 2817 1081 2865">
     <span class='ocr_line' id='line_1_36' title="bbox 103 2817 1081 2865; baseline -0.001 -9"><span class='ocrx_word' id='word_1_259' title='bbox 103 2841 106 2844; x_wconf 87' lang='lat'><strong>·</strong></span> <span class='ocrx_word' id='word_1_260' title='bbox 177 2821 204 2865; x_wconf 92' lang='lat'><strong>¹)</strong></span> <span class='ocrx_word' id='word_1_261' title='bbox 229 2817 334 2856; x_wconf 84' lang='lat' dir='ltr'><strong>Dion.</strong></span> <span class='ocrx_word' id='word_1_262' title='bbox 360 2818 480 2856; x_wconf 79' lang='lat' dir='ltr'><strong>Thrax</strong></span> <span class='ocrx_word' id='word_1_263' title='bbox 504 2817 543 2856; x_wconf 86' lang='lat' dir='ltr'><strong>in</strong></span> <span class='ocrx_word' id='word_1_264' title='bbox 567 2817 679 2856; x_wconf 81' lang='lat' dir='ltr'><strong>Bekk.</strong></span> <span class='ocrx_word' id='word_1_265' title='bbox 705 2817 837 2855; x_wconf 75' lang='lat' dir='ltr'><strong>Anecd.</strong></span> <span class='ocrx_word' id='word_1_266' title='bbox 863 2818 913 2855; x_wconf 91' lang='lat'><strong>11.</strong></span> <span class='ocrx_word' id='word_1_267' title='bbox 939 2829 975 2865; x_wconf 88' lang='lat' dir='ltr'><strong>p.</strong></span> <span class='ocrx_word' id='word_1_268' title='bbox 1002 2820 1081 2855; x_wconf 80' lang='lat'><strong>642.</strong></span> 
     </span>
    </p>
   </div>
  </div>
 </body>
</html>
